1751 3154
787 95 1169 143 INDEX

360 209 508 250 ciorum
525 205 610 247 iure
631 205 823 259 proponit.
834 218 955 259 2074.

857 276 949 314 pen.

303 319 422 367 Icilii,
456 327 567 370 pater
591 327 630 358 et
647 317 762 368 filius,
793 317 958 359 testimo·

361 376 471 414 nium
499 385 637 415 contra
666 375 873 417 Romilium
902 374 956 413 di-

360 441 465 471 cunt.
756 443 876 473 2122-
891 431 956 469 vlt.

303 486 446 531 Idaeae
463 485 562 527 deae
579 483 689 527 sacra.
778 498 873 541 275.
893 498 955 528 10.

302 543 455 591 Idaeus,
476 543 647 583 Dardani
666 541 694 582 f.
718 554 806 595 154.
825 556 866 596 4.
912 543 956 581 in

360 599 487 639 Idaeis
513 598 711 639 montibus
741 596 849 639 sedes
868 599 954 646 ¹col-

356 656 471 696 locat.

304 713 349 754 in
374 711 465 752 Idus
501 710 641 752 incidit
679 711 953 764 plenilunium.

781 780 901 821 2149.
916 774 953 817 8·

301 823 500 864 Ieiunium
511 823 554 863 in
564 822 666 862 luctu
678 822 880 875 pub1.466.
891 835 952 866 10.

301 881 409 935 Ignis
421 877 441 918 s
438 891 559 933 ponte
570 877 783 920 accensum
793 892 952 932 50.pen.

356 937 468 989 Ignis
497 948 522 974 e
547 935 660 986 pueri
689 934 814 986 capite
841 933 957 973 reful-

357 1003 468 1045 gens.
486 993 579 1044 637.
602 1003 665 1032 10.
682 991 790 1043 Ignis
812 1002 835 1029 e
857 991 954 1041 pilo-

358 1061 447 1087 rum
468 1047 659 1086 veruculis
680 1046 850 1086 emicans
863 1044 957 1098 quid

358 1102 616 1156 portenderit.
647 1111 800 1156 950.‘1.
819 1113 859 1154 7.
907 1114 959 1141 ex

354 1159 445 1213 Igni
463 1158 641 1198 exsistens
659 1157 786 1210 penis.
805 1160 899 1211 636.
919 1170 959 1200 2.

357 1216 466 1269 Ignis
491 1213 680 1256 incendia
703 1226 773 1267 per
791 1216 956 1253 coelum.

439 1328 446 1335 ,
787 1276 955 1324 1985·4·

359 1328 467 1381 Ignis
513 1326 740 1367 immortalis
778 1325 955 1367 custodes

353 1384 540 1436 virgines,
567 1395 632 1436 97.
649 1386 687 1426 6.
734 1383 841 1436 Ignis
862 1380 955 1422 sacri

358 1452 448 1479 cura
468 1452 536 1477 cur
555 1438 773 1492 virginibus
794 1438 956 1479 deman-

355 1496 457 1535 data.
475 1498 569 1548 376.
584 1508 602 1537 1
613 1507 645 1537 1.
662 1498 764 1548 Ignis
780 1492 881 1534 sacer
890 1507 957 1534 cur

354 1550 498 1592 Vestae
515 1551 727 1591 dedicatus.
749 1552 841 1604 376.
864 1563 956 1601 pen.

354 1608 464 1660 Ignis
481 1605 572 1646 sacri
592 1606 792 1646 exstinfflo
804 1619 870 1645 cur
882 1609 954 1647 Ro-

356 1664 482 1703 manis
500 1663 668 1708 maxime
686 1661 952 1705 formidabilis.

357 1725 454 1772 380.
481 1730 575 1771 pen.
619 1719 727 1771 Ignis
759 1716 851 1758 sacri
870 1718 954 1770 post

353 1775 654 1816 exstinfflonem
725 1776 954 1827 procuratio.

806 1836 899 1883 381·
916 1842 952 1873 1·

303 1888 412 1943 Ignis
424 1898 463 1927 et
474 1899 599 1939 aquae
610 1886 833 1927 communio
843 1882 955 1938 spon-

361 1944 475 1984 detur
491 1945 532 1983 in
543 1943 759 1983 connubio.
782 1954 875 1995 301.
892 1953 954 1984 11.

301 2001 385 2048 Ilia,
406 1999 619 2041 Numitoris
639 1997 729 2038 filia.
748 2010 837 2052 194.
855 2010 890 2050 3.
912 1999 956 2037 in

356 2055 569 2096 Vestalium
595 2053 806 2108 collegium
823 2054 957 2107 allegi-

352 2122 426 2152 tur.
468 2124 557 2164 194.
586 2124 621 2165 ς.
679 2111 957 2163 comprimitur.

359 2179 450 2222 195.
472 2181 509 2219 4.
533 2167 724 2219 gemellos
741 2168 849 2219 parit.
863 2177 954 2218 199.

358 2237 397 2277 4.
417 2223 588 2275 punitur.
610 2235 704 2265 200.
723 2226 761 2266 6.
806 2221 955 2262 Eadem

355 2279 466 2322 Rhea
484 2279 616 2318 Siluia.

303 2336 418 2377 Ilium
429 2335 475 2374 ab
486 2334 657 2373 Hercule
667 2342 835 2386 captum.
847 2330 955 2385 87.b.

361 2405 398 2436 2.
431 2388 521 2431 Vise
537 2401 576 2429 et
590 2390 724 2430 Troia.

305 2447 501 2491 llluliones
525 2444 717 2499 satyricae.
740 2454 951 2499 1491.pen.

306 2504 515 2544 Immolare
530 2501 687 2541 hordeo.
809 2506 900 2548 288.
916 2511 952 2550 5.

308 2560 599 2603 lmmolationes
631 2556 733 2612 apud
760 2559 954 2599 Romanos

364 2615 547 2670 frugales.
781 2617 875 2668 288.
888 2613 952 2652 vlt.

764 656 854 710 156.
867 667 903 696 2.
916 667 954 707 3.
996 667 1000 672 ·

1011 210 1295 260 Imperatorum
1304 208 1427 250 vestis.
1438 218 1573 264 9547.
1591 212 1663 257 Im-

1068 265 1285 317 perator-ius
1303 264 1468 306 habitus.
1497 270 1662 320 1648.4.

1010 319 1172 361 Inachus
1189 320 1225 359 fl.
1243 322 1394 362 Oceani
1416 321 1525 362 filius.
1543 327 1609 371 68.
1623 335 1663 374 3.

1012 376 1261 429 lnauguratio
1298 391 1434 431 regum
1463 379 1564 431 apud
1592 381 1664 418 Ro-

1067 445 1217 472 manos.
1326 447 1419 488 245.
1433 447 1469 487 3.
1489 446 1584 490 247.
1598 446 1661 476 12-

1011 487 1131 529 Inferi
1150 489 1216 527 dii.
1245 495 1410 544 1248.5.
1431 489 1572 530 Inferis
1590 490 1663 533 diis

1070 545 1217 584 deuota
1235 556 1408 597 corpora.
1517 551 1613 598 258.
1625 547 1664 588 6.

1010 599 1189 648 Infernae,
1208 600 1295 646 χοαὶ.
1318 613 1409 653 321.
1425 613 1486 643 12.
1511 608 1601 654 827.
1617 612 1658 654 7.

1066 655 1237 698 Inferiae
1281 657 1324 698 in
1365 657 1470 699 ducis
1507 657 1662 698 funere.

1465 717 1662 765 1648.12.

1009 766 1152 810 Insulas
1168 769 1209 808 in
1224 768 1370 810 vertice
1381 768 1666 824 gestabantVe-

1061 825 1171 865 stales
1191 826 1374 878 virgines.
1495 837 1570 878 173
1582 836 1661 879 1-9.

1009 880 1168 922 infulati
1193 883 1289 921 rami
1312 883 1355 921 in
1379 879 1542 935 supplici
1559 882 1665 934 lega-

1067 938 1190 976 tione.
1492 939 1660 990 1623.6.

1013 994 1187 1046 Ingenui
1217 1007 1239 1032 a
1257 990 1374 1033 seruis
1397 1007 1473 1045 qua
1488 1007 1533 1035 re
1551 991 1665 1038 diffe-

1067 1059 1164 1092 rant.
1176 1054 1316 1103 6927.
1338 1052 1562 1103 Ingenuum
1582 1061 1665 1090 ver·

1069 1104 1205 1144 berare
1222 1118 1303 1145 non
1322 1106 1424 1145 licet.
1463 1112 1580 1158 1851.
1595 1116 1660 1147 11.

1013 1161 1200 1212 Inquilini
1220 1163 1434 1201 manuarias
1445 1173 1544 1202 artes
1554 1173 1662 1201 exer·

1071 1215 1226 1256 cebant.
1496 1224 1569 1267 181
1581 1229 1660 1270 1.3.

1011 1270 1282 1325 Inscriptiones
1301 1274 1499 1326 antiquae.
1521 1280 1610 1322 128.
1620 1284 1659 1326 9.

1010 1328 1258 1368 Iustam-atitii
1279 1329 1374 1369 ludi.
1489 1341 1606 1383 1501.
1620 1340 1660 1381 9.

1010 1382 1135 1424 Insula
1154 1398 1178 1424 e
1193 1383 1378 1424 frumenti
1396 1386 1542 1424 aceruis
1563 1394 1663 1424 nata.

1069 1448 1159 1496 875.
1183 1454 1244 1485 12·
1265 1439 1396 1484 Insula
1410 1440 1575 1484 fluitans.
1598 1451 1665 1493 50,

1482 1510 1521 1551 9.
1546 1509 1661 1551 51.4-

1009 1555 1231 1607 interreges
1269 1552 1498 1592 creabantur
1513 1584 1524 1603 ,
1572 1564 1661 1595 cum

1063 1621 1143 1656 rex,
1163 1619 1228 1648 aut
1245 1609 1341 1648 alius
1358 1608 1590 1663 magistratus
1607 1608 1663 1646 le-

1067 1665 1333 1718 gitimus‚non
1343 1675 1657 1716 erat.2205.pen.

1062 1723 1282 1774 Interreges
1316 1722 1358 1760 in
1385 1719 1585 1760 consulum
1611 1719 1664 1759 al-

1063 1777 1185 1816 terius
1212 1777 1370 1816 interitu
1383 1804 1393 1823 ,
1430 1777 1587 1816 alterius
1603 1777 1663 1815 in-

1064 1832 1301 1873 valetudine.
1326 1843 1443 1886 1774.
1465 1844 1500 1884 ς.
1537 1834 1662 1872 Inter-

1067 1900 1185 1942 reges
1236 1889 1481 1928 comitiorum
1535 1885 1660 1927 cauffa

1065 1944 1203 1992 creati,
1241 1956 1330 1984 cum
1355 1943 1464 1998 peste
1490 1943 1663 1983 exstincti

1065 1997 1190 2040 effent
1207 1999 1323 2040 ambo
1344 1997 1529 2040 consules.
1545 2001 1661 2052 1936.

1064 2068 1103 2108 4,
1121 2058 1340 2109 Interreges
1361 2068 1410 2095 ex
1426 2065 1519 2094 natu
1539 2054 1663 2098 maxi·

1064 2111 1137 2152 mis
1162 2122 1201 2152 et
1223 2109 1514 2150 honoratissimis
1534 2122 1662 2149 crean-

1062 2178 1133 2213 tur,
1154 2167 1219 2219 qui
1236 2168 1332 2218 reip.
1354 2166 1404 2206 de
1421 2166 1663 2218 optimisma-

1062 2222 1201 2276 gistrat.
1224 2220 1455 2274 prospiciant
1472 2222 1513 2261 in
1534 2221 1661 2274 plebis

1066 2289 1106 2318 et
1124 2288 1275 2330 patrum
1294 2275 1661 2331 diffenfione.1733.

1070 2346 1134 2385 14.
1177 2335 1400 2387 Interreges
1418 2334 1661 2378 comitiorum

1063 2386 1186 2428 cauffa
1206 2392 1333 2429 creati.
1353 2402 1471 2443 2305.
1482 2401 1571 2442 pen.
1598 2392 1663 2430 In·

1065 2455 1260 2500 tert-egum
1297 2459 1453 2488 munus.
1500 2449 1591 2498 360·
1621 2457 1660 2499 3·

1083 2512 1254 2554 741.11.
1277 2507 1498 2555 819.8.10-
1520 2507 1659 2556 828.9.

1008 2558 1285 2610 Interregnum
1308 2556 1391 2610 post
1411 2559 1561 2599 Romuli
1582 2556 1663 2595 obi-

1063 2624 1143 2655 tum
1163 2615 1279 2666 quale
1295 2613 1434 2666 suerit,
1472 2624 1511 2655 et
1529 2626 1662 2666 quam-

1582 2668 1661 2709 diu.
