1751 3154
82 1414 165 1454 lani
184 1412 329 1452 Curatii
351 1425 425 1452 ara.

87 1469 301 1511 Ianiculum
321 1469 412 1507 olim
425 1471 563 1508 Aenea
582 1469 735 1507 dicium.

553 121 964 165 RERVM.

142 240 243 292 467.
256 248 293 291 3.
327 234 540 288 triumphat
559 235 609 274 de
628 234 736 275 Fide-

140 293 307 335 natibus.
327 305 418 345 505.
443 304 503 333 11.
526 291 736 342 triumphat

140 348 359 389 deSabinis.
383 360 473 401 509.
491 360 520 390 1.
539 349 582 386 in
596 347 732 388 Caelio

138 416 274 445 monte
293 404 493 444 habitauit.
522 417 614 457 407.
634 416 673 456 7.
692 414 730 456 9.

135 461 247 501 Tulli
268 461 417 501 Hostilii
440 460 577 506 obitus,
596 470 634 499 et
654 460 734 497 lau-

134 516 214 556 des.
238 529 329 570 514.
348 529 386 569 4.
433 517 550 556 Tullo
569 514 730 556 Hostilio

139 573 344 613 interitum
384 586 486 626 quae
522 571 729 612 attulerint.

845 243 966 286 2097.
989 245 1022 284 5.
1040 238 1078 274 L.
1091 233 1214 272 Icilius
1233 232 1364 273 aedilis
1382 233 1436 285 pl.

847 292 895 331 C.
917 291 1076 327 Veturio
1107 291 1211 330 diem
1241 291 1289 329 ad
1317 303 1439 343 popu·

842 345 925 384 lum
945 344 1046 384 dicit.
1060 357 1082 384 2
1092 357 1178 386 120.
1191 360 1225 398 5.
1236 346 1312 385 vid.
1326 357 1439 385 ηοω.

842 403 962 449 Sunt,
998 402 1065 452 qui
1094 413 1256 441 erratum
1282 401 1343 441 hic
1371 415 1440 453 pu·

846 467 931 496 tent
941 457 981 495 in
995 458 1264 509 praenomine,
1277 470 1316 496 et
1329 470 1438 497 men·

842 511 934 552 dose
945 514 1102 553 Lucium
1122 527 1191 565 pro
1202 515 1342 566 Spurio
1354 512 1438 565 sup-

840 568 1020 621 pofitum.

556 633 646 681 518.
665 639 728 679 13.
785 626 825 667 L.
837 626 962 666 Icilius
972 628 1016 667 C.
1028 630 1069 667 F.
1080 626 1117 665 L.
1130 625 1303 678 Virginii
1319 624 1437 663 filiam

82 686 290 724 Humanae
311 683 451 724 sobolis
470 684 645 724 decimae
656 683 728 722 diis

144 754 286 794 gratae.
565 742 629 792 63.
642 753 678 791 4.
693 752 728 793 5.

82 797 310 851 Hybrilides
330 827 339 845 ‚
391 795 532 836 archon
581 794 729 836 Athen.

340 908 362 917 ..
387 908 394 916 .
559 864 729 905 1313.7.

83 911 235 965 Hymni
254 920 362 962 patrii
384 921 424 946 m
443 907 547 945 deos.
577 921 669 961 307.
691 921 728 959 3.

139 973 231 1019 387.
243 981 279 1017 4.
299 966 446 1017 Hymni
469 967 730 1003 Romanorum

135 1023 180 1061 iu
207 1022 354 1062 Romuli
397 1032 436 1060 et
460 1022 570 1061 Remi
602 1020 731 1058 adole-

136 1075 329 1117 scentiam.
584 1087 678 1129 205.
690 1089 728 1119 2.

398 1190 428 1229 Ϊ.

82 1301 207 1342 Iacula
252 1301 353 1340 niuis
398 1299 513 1340 instar
549 1299 736 1352 depluen-

139 1358 203 1395 tia.
568 1368 735 1410 1799.9.

593 1416 736 1465 469.2.

144 1531 283 1576 1854.
306 1525 473 1562 Ianiculi
493 1523 581 1563 {itus
599 1536 638 1563 et
649 1537 739 1562 con-

139 1581 254 1618 ditor.
280 1583 418 1632 536.5.
441 1582 656 1619 Ianiculum
676 1593 736 1619 xx.

139 1635 265 1676 stadiis
316 1635 366 1674 ab¹
411 1636 508 1675 vrbe
555 1636 736 1675 diffitum.

142 1699 309 1745 1778.9.
360 1705 383 1731 e
399 1693 571 1731 Ianiculo
591 1689 740 1743 conspi-

140 1749 238 1786 citur
265 1752 383 1788 Roma
415 1749 661 1788 venientibus
690 1761 740 1788 ex

138 1804 298 1844 Etruria.
319 1814 409 1854 540.
430 1816 468 1855 9.
514 1805 739 1853 Ianiculum,

139 1861 246 1898 Rom.
267 1859 505 1910 praelidiutn,
530 1875 552 1899 a
571 1860 736 1900 Porsena

139 1915 737 2024 ailla..333.1-.¹1¹{³03.b5¹5³‘2121

142 2024 278 2065 seritur
304 2026 350 2064 ab
362 2024 530 2066 Etruscis.
554 2035 738 2080 1815.13.

86 2084 270 2135 Iapygiae
289 2084 599 2134 promontorium
611 2084 742 2124 Salen-

147 2140 281 2177 tinum.
571 2151 658 2191 130.
675 2140 738 2178 vlt.

89 2192 215 2241 lasus,
249 2195 350 2233 louis
379 2207 427 2234 ex
450 2195 599 2235 Electra
625 2195 738 2234 filius.

151 2261 290 2303 1542.
320 2249 490 2291 fulmine
509 2253 622 2305 perit.
649 2264 737 2305 155.

674 2321 691 2350 1
705 2320 735 2349 1.

95 2363 138 2403 C.
161 2361 287 2399 Icilius
309 2364 426 2414 Ruga,
456 2377 478 2402 a
498 2361 616 2416 plebe
637 2377 741 2403 crea·

149 2427 209 2455 tur
237 2417 420 2456 tribunus
451 2424 566 2472 1246.
584 2433 622 2461 2.
662 2420 738 2460 vid.

150 2484 245 2510 nott.
269 2487 296 2509 e.
320 2484 358 2510 et
371 2474 413 2524 sl

94 2535 133 2572 L.
148 2529 286 2577 icilius,
309 2532 351 2568 Η.
367 2528 505 2569 tribun.
518 2531 568 2582 pl.
580 2535 740 2585 20776.

153 2585 193 2623 in
212 2586 326 2625 Siccii
357 2581 545 2624 sententia
574 2586 624 2625 de
652 2589 743 2641 lege

148 2642 295 2694 agraria
350 2653 450 2693 quae
503 2643 740 2695 improbarit.

840 681 909 721 fibi
944 679 1171 735 despondet.
1199 693 1320 732 2227.
1346 693 1438 731 pen.

838 740 1046 793 Virginiae
1057 735 1215 791 sponsae
1227 736 1314 775 suae
1325 750 1442 787 opem

840 794 929 836 fert.
960 808 1079 849 2230.
1104 807 1166 848 13.
1219 794 1440 846 Vir-giniam

841 848 1017 904 sponsam
1044 851 1231 891 acerrime
1252 849 1439 901 protegit.

841 914 963 960 2238.
983 922 1021 960 4.
1068 907 1240 959 Appium
1269 906 1441 958 grauiter

840 962 1056 1003 inseetatur.
1078 975 1197 1016 2253.
1212 975 1247 1014 5.
1267 965 1320 1001 M.
1330 962 1443 1001 Clau-

842 1020 949 1060 dium
980 1020 1083 1072 apud
1110 1019 1300 1072 populum
1333 1029 1442 1055 accu-

839 1073 906 1115 sat.
1167 1077 1288 1127 2276.
1303 1086 1364 1126 14.
1376 1073 1439 1111 vlt.

844 1132 943 1173 Icilii
964 1128 1085 1183 sponsi
1101 1128 1232 1170 frater.
1250 1141 1441 1182 224¹·12·

788 1187 847 1228 M.
872 1189 1010 1234 lcilius,
1030 1190 1093 1237 Sp.
1113 1187 1281 1241 virginii
1301 1198 1442 1236 aequa·

845 1245 891 1284 lis
909 1255 947 1284 et
965 1242 1112 1283 sodalis.
1243 1253 1363 1285 2121.
1381 1252 1440 1294 13.

790 1301 856 1354 Sp.
878 1301 1004 1340 Icilius
1024 1313 1112 1338 cum
1127 1298 1250 1338 Decio
1270 1308 1309 1336 et
1325 1301 1440 1338 Bruto

847 1357 896 1396 ad
943 1356 1061 1395 fidem
1100 1354 1149 1394 ab
1182 1352 1312 1394 senatu
1347 1355 1444 1392 acci-

846 1412 1034 1465 piendam
1062 1412 1237 1451 mittitur.
1268 1422 1384 1463 1245.
1407 1420 1443 1460 5.

847 1472 912 1520 Sp.
926 1469 1068 1515 Icilius,
1091 1467 1270 1506 tribunus
1291 1467 1341 1518 pl.
1355 1478 1444 1504 cum

848 1523 984 1564 senatu
1011 1523 1226 1575 expostulat
1254 1521 1304 1561 de
1324 1535 1446 1561 anno-

848 1595 925 1622 nae
963 1582 1122 1620 caritate
1159 1590 1200 1618 et
1226 1578 1373 1618 colonis
1401 1578 1446 1617 in

848 1635 1024 1677 morbosa
1055 1637 1140 1675 loca
1170 1635 1295 1675 missis.
1327 1646 1444 1687 1344.

854 1705 916 1734 12.
972 1694 1013 1732 in
1046 1690 1222 1731 senatum
1252 1704 1323 1743 pro
1356 1703 1447 1728 con·

853 1751 971 1788 cione
991 1749 1202 1788 inuehitur.
1223 1758 1449 1800 1351.pen‚

852 1807 983 1860 legem
1005 1805 1153 1858 populo
1175 1802 1379 1855 persuadet
1395 1801 1448 1842 de

848 1863 994 1902 tribuni
1043 1861 1314 1900 concionantis
1348 1860 1445 1899 iure.

852 1930 971 1971 1352.
1002 1930 1061 1970 14.
1095 1919 1159 1969 Sp.
1181 1917 1445 1969 1c1liusRuga‚

847 1975 982 2013 aedilis
1001 1975 1052 2023 pl.
1077 1984 1192 2026 1371.
1212 1985 1249 2024 9.
1273 1972 1451 2010 tribuno·

851 2043 937 2070 rum
957 2025 1051 2068 iuffu
1069 2030 1259 2067 Marcium
1279 2027 1450 2077 arripere

852 2097 1018 2133 conans,
1051 2099 1072 2123 a
1093 2085 1258 2134 patriciis
1276 2084 1449 2134 reprimi·

849 2151 920 2180 tur.
944 2151 1156 2193 1371.5.9.
1173 2153 1234 2184 10.
1261 2141 1448 2182 aMarcio

849 2195 1130 2250 perstringitur.
1155 2208 1268 2249 1574.
1291 2196 1354 2236 vlt.
1382 2198 1447 2249 Sp.

849 2253 982 2293 Icilius
1013 2248 1229 2292 consulibus
1256 2254 1295 2292 in
1323 2254 1450 2305 copia-

851 2322 935 2349 rum
982 2307 1268 2360 conscriptione
1315 2309 1450 2349 frustra

853 2364 1003 2404 obiistit.
1036 2377 1154 2418 1740.
1182 2380 1219 2420 4.
1258 2379 1289 2403 v.
1322 2375 1401 2404 not.
1422 2363 1447 2404 l.

849 2424 975 2464 icilius
1011 2420 1094 2460 trib.
1129 2423 1181 2474 pl.
1210 2435 1318 2460 nouo
1350 2421 1451 2462 insti·

855 2491 940 2520 tuto
977 2479 1218 2519 tribunorum
1260 2490 1299 2517 et
1326 2479 1450 2530 plebis

852 2538 1072 2590 potentiam
1090 2536 1267 2586 adauget.
1281 2545 1446 2586 2072.3.

852 2593 940 2633 facli
991 2591 1043 2632 sui
1098 2593 1266 2633 rationes
1304 2588 1450 2634 senatui

854 2649 995 2699 reddit,
1035 2661 1075 2690 et
1102 2651 1233 2703 legem
1253 2649 1304 2690 de
1322 2648 1454 2690 aedifi·

1304 2717 1450 2749 ciorum
