1751 3154
555 84 971 133 RERVM.

133 196 330 254 cythum)
368 196 493 238 oratio
528 199 731 239 metallica.

557 258 650 299 666.
668 255 731 295 vlt.

78 309 567 364 Medeoinffloeotiaeopp.
592 321 729 364 1037.

78 366 261 408 Medicae
281 363 441 416 phrases.
579 380 673 420 405.
692 378 729 418 4.

75 422 410 467 Medicamentum
437 421 479 462 in
497 422 670 462 dulcibus
692 432 732 462 et

132 474 322 517 consuetis
374 477 471 518 cibis
525 479 728 531 praebere.

557 546 727 587 411.10.

73 587 269 633 Medietas
289 589 404 628 virtus
424 588 489 630 est.
586 594 674 640 136.
691 596 726 638 g.

72 646 314 690 Meditantes
340 646 570 694 orationem,
585 656 678 697 quot
691 656 728 686 et

130 701 269 753 quibus
305 701 427 740 modis
467 712 598 741 contra
638 702 726 740 artis

126 768 336 810 praecepta
356 757 602 808 delinquant.
631 762 724 810 378.

128 824 194 856 11.
215 813 415 853 meditatio
440 823 479 852 et
499 812 723 859 exercitatio

98 905 104 909 ,
128 869 270 915 affidua
289 869 496 920 requiritur
515 867 562 907 ad
582 869 722 908 artium

103 944 106 947 -
127 925 434 977 praeceptiones.
453 936 544 975 224.
568 926 603 965 6.
644 937 722 964 me-

125 980 326 1020 ditationis
343 1007 353 1025 ‚
404 977 465 1019 seu
516 979 723 1020 meditatae

127 1035 336 1084 orationis,
375 1036 464 1076 vitia
488 1048 600 1088 quae.
632 1048 721 1090 373.

645 1105 720 1133 oen.

67 1145 261 1196 Medium,
281 1143 347 1187 seu
369 1148 546 1194 mixtum,
568 1106 724 1199 coriipo-

125 1202 271 1247 sinonis
296 1215 420 1256 genus
443 1204 557 1253 quod.
583 1207 672 1254 136.
689 1216 722 1256 3.

125 1259 298 1300 medium
320 1258 476 1299 dicendi
498 1272 621 1312 genus
643 1271 722 1312 quo

123 1310 234 1354 sensu
258 1314 413 1356 dicatur.
444 1320 532 1368 146.
556 1328 646 1366 pen.
700 1328 722 1354 a

123 1382 200 1422 quo
222 1369 465 1418 inchoatum,
493 1386 512 1410 a
535 1371 639 1422 quib.
660 1383 724 1409 ex-

123 1425 312 1478 politum,
357 1436 398 1465 et
415 1441 439 1467 a
455 1439 531 1477 quo
555 1423 725 1465 consum-

122 1491 282 1523 matum.
304 1493 398 1534 959.
418 1496 455 1524 2.
494 1482 630 1533 quibus
652 1483 722 1521 vir-

124 1535 239 1581 tutib.
273 1550 295 1576 a
324 1537 589 1579 Demosthene
615 1551 723 1577 exor-

118 1603 265 1634 natum.
297 1597 414 1635 1061.
444 1606 482 1647 9.
542 1594 721 1634 omnium

121 1647 323 1700 optimum.
345 1647 436 1687 ibid.
464 1648 630 1696 mediae,
655 1646 720 1688 seu

117 1705 263 1745 mixtae
283 1703 570 1757 compositionis
592 1704 720 1745 chara-

121 1759 214 1799 fier.
242 1766 356 1809 1082.
376 1772 415 1813 9.
446 1761 600 1800 mediae
619 1772 721 1799 com-

119 1813 322 1867 pofitionis
364 1815 537 1855 auaores
585 1815 720 1868 optimi

124 1871 204 1922 qui.
231 1875 344 1923 1083.
370 1882 405 1911 1.
449 1870 602 1911 mediae
620 1884 721 1910 com-

120 1925 321 1978 positionis
340 1927 562 1978 exemplum
584 1940 631 1966 ex
643 1929 720 1967 He·

123 1981 274 2021 rodoto.
497 1988 613 2033 1083.
627 1994 719 2032 pen.

67 2037 312 2092 Megaclides
339 2036 594 2078 Athenienfis.
626 2041 720 2089 576.

126 2105 189 2146 13.
213 2092 443 2145 Megaclidis
464 2093 514 2132 de
530 2105 720 2145 permuta-

123 2149 234 2189 tione
253 2149 363 2188 ὲξὶίο.
579 2151 670 2198 667.
685 2153 720 2197 8.

67 2202 417 2256 Megalopolitanis
471 2216 588 2256 opem
628 2202 721 2243 ferri

127 2255 559 2303 suadetDemostbenes.
578 2271 670 2312 725.
683 2271 721 2312 9.

70 2313 234 2367 Megara
253 2326 373 2366 capta.
393 2318 485 2368 636.
512 2326 573 2357 11.
599 2315 721 2367 plebi-

126 2367 263 2412 scitum
295 2368 475 2414 aduetsus
508 2375 720 2424 Megaren-

127 2422 199 2464 ses.
551 2427 721 2480 770.v1t.

70 2475 338 2533 Megarenses,
364 2480 405 2518 in
417 2479 558 2520 Sicilia.
577 2488 670 2534 781.
686 2489 721 2531 8.

71 2535 304 2586 Melanippe
323 2535 524 2588 Euripidis.
550 2548 641 2589 300.
659 2547 720 2589 ις.

123 2591 355 2645 Melanippe
364 2591 559 2644 Euripidis
579 2603 646 2632 cut
660 2593 722 2634 Sa-

845 197 960 249 piens
997 195 1237 242 inscribatur:
1275 209 1371 254 35¹5.
1398 201 1436 244 6.

840 254 1074 305 Melanippe
1110 269 1131 294 a
1158 258 1346 308 Neptuno
1383 257 1438 296 vi·

840 309 941 348 tiata.
973 314 1064 362 356.
1088 323 1123 363 3.
1176 324 1252 363 quo
1278 310 1440 352 artificio

839 363 1052 406 infantulos
1070 365 1156 407 suos
1167 365 1332 407 seruarit.
1346 378 1438 418 301.

1060 477 1067 485 ,
1176 435 1267 475 pen·
1289 426 1436 486 35627·

784 474 963 518 aduersus
984 474 1274 520 Melesandrum
1300 490 1438 520 oratio.

1287 538 1432 588 6654.

783 587 898 634 Melii
936 587 1333 630 Lacedaemoniorum
1373 596 1437 629 co-22

834 646 932 687 loni.
951 648 1043 697 906·
1058 651 1093 693 3.
1120 647 1330 688 Meliorum
1346 657 1437 686 cum

832 700 1136 743 Atheniensium
1183 701 1282 741 duce
1321 702 1437 741 collo·

836 758 985 808 quium.
1252 761 1346 810 906.
1367 769 1433 810 15.

780 813 918 857 Melici
950 815 1086 863 poetae
1115 825 1190 864 qua
1219 812 1261 852 in
1284 825 1327 852 re
1348 813 1436 863 plus

831 868 1016 910 libertatis
1062 867 1258 918 habeant,
1315 880 1435 920 quam

835 924 936 976 epici
959 934 998 963 et
1019 936 1112 964 caet.
1132 936 1224 975 213.
1249 937 1311 967 10.
1354 923 1437 975 qui·

833 979 903 1019 bus
925 980 1075 1034 legibus
1093 979 1266 1029 adstriffl,
1294 989 1333 1019 et
1351 978 1438 1030 qui·

829 1035 900 1075 bus
933 1036 974 1075 in
1003 1035 1116 1075 rebus
1137 1035 1338 1075 liberiores
1360 1034 1436 1074 {int

831 1092 965 1144 epicis.
994 1103 1082 1143 130.
1107 1103 1141 1144 ς.
1171 1104 1253 1131 non
1278 1102 1350 1130 tam
1371 1101 1436 1129 ve·

836 1147 1025 1195 nustatem
1056 1158 1095 1186 et
1115 1149 1273 1200 gratiam
1292 1147 1333 1186 in
1357 1158 1434 1185 car·

833 1203 970 1243 minib.
990 1200 1170 1255 speciant,
1203 1216 1316 1254 quam
1339 1203 1432 1243 veri·

834 1271 964 1299 tatem.
990 1267 1101 1308 1008.
1127 1266 1162 1307 53.
1209 1259 1345 1301 Melici
1368 1270 1431 1297 ve-

834 1326 935 1355 teres
961 1313 1155 1356 faciebant
1180 1326 1316 1368 paruas
1338 1312 1432 1353 stro-

836 1371 943 1423 phaS.
1290 1381 1377 1422 131.
1393 1374 1431 1417 8.

779 1426 954 1466 Melitius
976 1424 1105 1468 Rufus.
1336 1436 1373 1476 3.
1389 1435 1428 1465 2.

778 1483 961 1526 Membra
1004 1481 1177 1534 corporis
1218 1490 1259 1521 et
1299 1490 1430 1532 partes

831 1550 968 1579 omnes
1015 1539 1211 1591 concinne
1245 1538 1346 1576 inter
1389 1531 1428 1574 se

834 1605 1136 1647 coagmentatae.
1166 1599 1256 1646 381.
1283 1600 1318 1640 8.
1362 1592 1428 1630 De

830 1648 1038 1688 membris·
1064 1648 1218 1701 periodi
1260 1644 1339 1687 vise
1383 1646 1429 1686 in

830 1707 979 1746 Graeco
998 1703 1082 1744 Ind.
1103 1705 1214 1742 κῶλον.

777 1759 957 1801 aduersus
980 1759 1202 1801 Meneclem
1223 1757 1343 1798 oratio
1361 1757 1429 1799 Di·

831 1812 1079 1855 narchofalso
1091 1813 1426 1866 adscripta.656.1.

775 1873 983 1913 Menelaus
1013 1871 1191 1909 Helenae
1223 1869 1428 1908 connubio

827 1924 1428 1977 immortalitatemadeptus.238.

837 1993 899 2024 12.
949 1981 1126 2024 Menelai
1157 1980 1271 2020 diffie
1293 1980 1430 2030 Qualis-

1253 2048 1349 2089 409.
1365 2047 1427 2078 11.

777 2090 1002 2135 Menander
1019 2120 1029 2139 ,
1065 2092 1218 2133 Atticae
1242 2091 1359 2131 classis
1383 2091 1429 2130 in

834 2148 963 2186 Sicilia
982 2147 1071 2186 dux.
1255 2154 1346 2200 874.
1363 2158 1429 2200 13.

775 2203 985 2244 :Menandri
1013 2203 1149 2242 comici
1177 2202 1220 2241 τδ
1247 2200 1432 2243 aronam-xciv
1486 2212 1491 2217 “

830 2257 1070 2298 imitandum.
1095 2271 1187 2311 424.
1207 2271 1241 2312 3.
1263 2261 1429 2299 Menan.

832 2313 978 2352 dricum
998 2314 1237 2354 vocabulum.
1281 2325 1374 2368 413.
1388 2315 1428 2356 6.

778 2367 1071 2410 Menesaechmi
1089 2369 1199 2409 stilus.
1228 2372 1321 2423 659.
1333 2381 1429 2420 pen.

777 2428 1030 2467 Menexenus
1061 2424 1139 2464 doli
1170 2436 1209 2464 et
1234 2434 1432 2474 corrupte·

832 2482 894 2520 lae
915 2477 1109 2520 accusatur
1120 2495 1141 2520 a
1151 2479 1310 2521 Pafione
1321 2491 1414 2519 men

833 2534 942 2575 sariO.
1287 2542 1378 2588 583·
1389 2500 1431 2577 6ἷ

776 2592 976 2637 Menoetii
995 2589 1106 2632 filius.
1286 2589 1374 2634 1025.
1390 2592 1428 2633 6.

887 2647 923 2689 C
935 2659 955 2687 c
965 2659 986 2688 c
1010 2660 1040 2702 4
1282 2645 1429 2695 Mensis
