1751 3154
524 111 939 154 RERVM.

115 226 234 269 1116·
256 234 294 275 4.
342 235 440 263 vnus
459 233 483 262 e
501 221 638 276 legatis
656 221 705 261 ad

110 282 161 334 pl.
182 278 330 332 profug.
357 286 471 332 1193.
492 291 528 332 3.
573 284 618 319 A.
637 282 707 318 Po-

109 337 232 376 stumii
252 335 443 374 dictatoris
464 346 613 382 votum,
640 337 707 375 La-

114 394 198 432 tino
219 391 321 430 bello
343 389 492 437 factum,
522 388 706 442 pei-soluit

112 446 279 495 senatus,
304 458 344 485 et
363 446 520 500 quidem
533 444 707 499 magnifi-

112 503 338 543 centissime.
396 528 399 531 -
512 502 720 555 1483·V¹f·‘

56 562 108 603 A.
143 559 357 600 Postumius
394 558 516 601 Albus
563 554 705 596 consul.

117 622 234 668 1918.
264 617 325 654 vlt.
390 617 504 656 Furio
530 614 706 665 collegae

112 670 306 724 suppetias
323 670 465 719 ferens,
494 682 580 709 cum
601 680 707 720 prae-

111 727 263 767 datorio
292 726 455 766 hostium
473 725 593 780 globo
617 737 707 763 con-

115 785 226 837 fligit.
509 792 705 834 1927.11.

58 842 96 880 P.
116 839 328 879 Postumius
342 837 548 886 Tubertus,
578 834 710 875 consul

117 909 206 936 cum
244 897 300 933 M.
329 894 494 934 Valerio.
545 898 638 946 928.
672 904 706 934 1·

115 965 204 991 cum
223 951 394 1002 peditatu
412 947 709 988 succurritVale-

117 1009 190 1048 rio,
211 1019 307 1059 932.
332 1017 392 1058 14.
438 1007 477 1044 P.
497 1004 709 1043 Postumius

115 1062 312 1109 Tubertus
324 1063 368 1101 11.
389 1058 534 1100 consul.
549 1072 710 1113 94412.

115 1119 318 1170 praecipiti
360 1117 516 1156 audacia
556 1129 710 1168 turpem

117 1174 268 1213 cladem
287 1174 436 1224 accipit.
463 1185 556 1225 945.
580 1176 618 1215 6.
666 1170 714 1210 ad

118 1228 577 1281 delendammgrsuperioris
614 1227 710 1266 elad.

115 1286 373 1339 ignominiam
393 1282 522 1323 sortiss'.
542 1283 712 1322 dimicat.

115 1353 210 1396 951.
237 1354 275 1394 4.
338 1341 388 1380 de
422 1340 571 1381 Sabinis
611 1349 713 1378 ouat.

817 222 1057 273 antiquatae,
1099 223 1172 263 diis
1191 223 1408 277 approban-

818 278 944 325 tibus,
1000 292 1080 318 non
1137 280 1407 320 restituendae.

818 337 935 377 1026-
956 345 992 374 2.
1048 335 1247 375 Potestatis
1272 336 1410 376 diuifio

812 387 970 431 frenum
1009 390 1286 443 magistratibus
1324 392 1414 431 inii-

814 447 875 487 cit.
895 446 988 494 816.
1013 457 1075 488 12.
1105 445 1196 489 Vise
1216 447 1413 502 Mag1stra-

817 513 888 542 tus.

761 558 913 599 Potitiis
938 566 975 596 et
992 557 1151 597 Pinariis
1180 556 1280 599 sacra
1299 558 1414 598 tradit

819 614 1018 654 Hercules.
1247 628 1262 657 1
1271 628 1335 657 02.
1349 616 1413 653 vlt.

763 671 940 719 Potitus,
989 669 1133 711 Valerii
1178 682 1415 724 cognomen,

1245 728 1414 778 2166.3.

763 785 907 824 Praeco
952 780 1147 823 senatores
1185 779 1249 821 suo
1285 795 1419 834 quem-

820 853 899 891 que
929 839 1094 879 nomine
1113 839 1154 876 in
1175 836 1349 877 senatum
1371 837 1419 876 ci-

822 905 886 935 tat.
906 900 1027 949 2165.
1053 906 1089 946 5.
1113 897 1328 934 praecones
1351 907 1420 945 po-

820 952 958 1004 pulum
994 951 1146 990 vicatim
1189 951 1230 991 in
1269 950 1420 989 concio-

821 1020 914 1046 nem
935 1007 1419 1059 aduocant.733‚14‚822.

820 1066 858 1106 6-
886 1070 976 1116 981.
1001 1075 1033 1105 1.
1082 1065 1295 1101 Praecones
1325 1064 1422 1100 vica-

821 1120 889 1158 tim
910 1119 1083 1158 edicunt.
1106 1129 1222 1170 1510.
1243 1121 1279 1161 6.
1310 1120 1422 1157 Prae·

824 1188 869 1213 co
893 1173 1021 1214 class'es
1041 1175 1182 1213 ordine
1201 1175 1289 1213 citat
1308 1173 1354 1212 ad
1367 1171 1424 1211 fe-

826 1231 946 1270 renda
980 1228 1169 1283 suffragia.
1208 1241 1329 1283 2031.
1360 1241 1420 1270 10.

826 1288 926 1340 legis
963 1284 1186 1326 dissuasores
1216 1286 1262 1324 ad
1293 1285 1425 1323 dicen-

827 1343 917 1382 dum
933 1344 1090 1395 prodire
1102 1343 1222 1381 iubet.
1234 1347 1423 1393 2098·13·

115 1410 210 1451 953.
235 1408 268 1438 1.
310 1409 375 1435 cur
405 1409 485 1435 non
515 1394 714 1447 triumpho
771 1398 918 1440 Praeda
942 1412 990 1438 ex
1013 1399 1121 1438 hoste
1140 1408 1258 1450 capta,
1278 1398 1423 1449 populo

117 1454 274 1505 potitus.
295 1465 389 1506 954.
410 1453 474 1491 vlt.
500 1450 715 1492 Postumius

117 1509 322 1555 Tubertus,
352 1521 448 1546 rnus
469 1521 491 1547 e
512 1509 647 1560 legatis
667 1507 715 1545 ad

120 1565 281 1617 plebem
300 1562 517 1616 profugam.
546 1571 714 1615 1198.1.

66 1622 131 1674 Sp.
165 1619 377 1659 Postumius
411 1618 578 1659 Albinus
613 1615 715 1657 cons.

126 1687 243 1728 1911.
260 1689 299 1728 4.
357 1674 508 1714 dedicat
528 1675 718 1726 templum

119 1732 187 1775 Dii
206 1731 318 1772 Fidii.
345 1743 462 1783 19¹4·
487 1743 548 1783 13.
569 1731 718 1784 legatus

122 1791 166 1828 in
188 1787 387 1827 Graeciam
414 1787 461 1826 ad
486 1787 564 1840 leg.
587 1787 717 1839 collig.

123 1844 297 1884 mittitur.
317 1853 437 1895 2130.
460 1855 550 1894 pen.
597 1841 637 1881 fit
656 1842 720 1881 de-

126 1900 284 1939 cemuir.
518 1898 721 1949 2141.vlt.

72 1955 252 1996 Postumii
282 1955 457 2007 agrariae
489 1954 589 2007 legis
616 1954 722 1992 latio·

127 2023 219 2051 nem
255 2011 484 2061 impediunt.
531 2021 653 2051 2100.
681 2019 720 2059 7.

129 2079 258 2117 eoque
277 2067 442 2105 nomine
461 2064 721 2117 aplebemul·

131 2133 271 2162 tantur.
520 2133 640 2163 2101·
662 2131 722 2172 15-

74 2177 283 2218 Postumius
304 2177 451 2230 legatus
472 2177 725 2216 contumelio-

132 2231 171 2272 se
214 2247 236 2272 a
273 2234 494 2274 Tarentinis
534 2233 721 2271 transsator.

556 2291 726 2341 2339·6·

79 2342 287 2385 potestates
313 2342 429 2384 abusu
460 2355 659 2384 vertuntur
684 2357 725 2382 in

131 2399 386 2453 tyrannidem.
411 2413 526 2454 1035.
549 2414 584 2455 ς.
615 2402 726 2439 Pote-

134 2456 235 2494 statis
271 2453 387 2493 abusu
416 2457 610 2507 antiquata
639 2453 727 2494 sunt

136 2524 258 2563 regna
285 2523 322 2549 et
341 2511 512 2561 imperia.
550 2523 665 2562 1024.
690 2517 727 2559 8.

135 2566 342 2606 Potestates
371 2565 487 2605 semel
518 2579 602 2605 cum
631 2567 728 2604 iure-

135 2621 299 2662 iurando
337 2632 378 2661 et
406 2619 730 2664 exsecrationibus

827 1453 976 1496 addicla
1006 1454 1171 1508 legibus.
1212 1457 1329 1506 1460.
1357 1464 1419 1492 12.

824 1509 997 1551 Praedae
1028 1523 1112 1562 pars
1145 1509 1311 1549 debetur
1338 1505 1425 1546 fisco

826 1566 998 1619 publico.
1043 1578 1159 1609 1110.
1186 1578 1222 1618 7.
1280 1563 1426 1604 Praeda

830 1635 932 1674 quae
980 1624 1021 1661 in
1065 1622 1252 1662 aerarium
1293 1621 1425 1665 relata,

832 1690 934 1729 quae
974 1678 1067 1717 item
1101 1678 1214 1717 militi
1242 1673 1428 1728 concefl‘a.

832 1746 1003 1787 20441.
1023 1733 1166 1773 Praeda
1184 1747 1204 1771 a
1225 1731 1429 1784 quaestori-

832 1789 904 1828 bus
923 1789 1117 1835 venditur,
1145 1799 1185 1827 et
1203 1791 1367 1839 penuria
1386 1788 1429 1825 in

831 1846 1018 1885 aerarium
1039 1844 1217 1885 infertur.
1243 1855 1430 1895 1709.10.

835 1914 859 1940 e
878 1901 1048 1940 praedae
1073 1900 1232 1940 decimis
1252 1897 1430 1938 sacrificia

832 1957 995 2008 ludique
1015 1957 1086 1995 diis
1109 1966 1358 2007 peraguntur,
1391 1965 1431 1993 et

809 2014 978 2064 ‘templa
1008 2011 1266 2051 aedificantur.
1312 2020 1429 2061 1077.

839 2080 903 2110 11.
927 2071 1042 2110 1260.
1068 2079 1127 2119 14.
1169 2065 1341 2106 Praedae
1359 2065 1432 2115 pri·

835 2123 954 2162 mitiis
971 2123 1179 2162 honoratur
1190 2119 1322 2161 fortiff.
1336 2118 1434 2173 quis·

838 2191 915 2229 que
945 2189 1150 2232 pugnator.
1179 2189 1295 2231 1259.
1323 2189 1360 2229 3.
1407 2187 1432 2217 e

832 2236 981 2275 Praeda
1014 2234 1102 2273 duci
1138 2235 1314 2284 accipere
1342 2234 1434 2272 lice-

836 2290 914 2338 bat,
930 2301 1114 2342 quantum
1134 2289 1289 2330 libebat.
1310 2290 1431 2341 2356.

837 2358 874 2387 2.
931 2359 953 2384 e
983 2345 1127 2385 Praeda
1163 2356 1267 2384 extra
1295 2342 1433 2383 sortem

834 2401 904 2440 fibi
923 2403 1056 2441 eximit
1076 2415 1141 2440 rex
1153 2401 1343 2451 captiuam
1353 2412 1436 2438 mu-

837 2458 983 2498 lierem.
1004 2460 1096 2510 635.
1120 2468 1152 2498 1.
1185 2454 1274 2497 Vise
1293 2456 1434 2507 etSpo-

835 2514 897 2552 lia.

785 2568 1003 2609 Praefeaus
1022 2567 1134 2607 vrbis,
1153 2568 1246 2608 261.
1266 2579 1303 2619 3.
1326 2569 1434 2607 Prae·

840 2625 1011 2666 secturae
1036 2623 1220 2664 militares
1247 2623 1436 2672 minores,

1317 2679 1434 2718 tribu-
