1751 3154
562 115 859 159 RERV

146 225 228 272 d'iu.
254 232 346 282 357.
365 225 402 267 6.
459 228 738 278 Interregnum

140 285 226 340 post
255 283 363 324 Tulli
394 281 547 321 Hostilii
573 281 736 321 obitum.

142 351 234 398 517.
250 351 288 393 9.
317 338 541 392 Interregni
560 347 736 389 tempore

142 394 381 449 magistratus
431 394 573 434 caeteri
610 393 733 433 silent.

144 463 261 506 1734·
282 463 322 494 2.
348 450 569 503 lntetregni
587 460 734 489 certum

138 519 304 560 tempus,
567 515 731 559 17344.

84 563 342 617 Interrogatio
361 561 469 608 ressa,
497 560 734 601 diuinatricis

139 621 228 661 artis
246 631 328 658 non
346 618 509 658 minima
526 628 622 670 pars.
636 621 732 668 785.

666 681 728 713 11.

82 735 227 777 Ionum
251 730 431 783 migratio
455 739 495 768 et
522 738 732 767 commune

138 787 358 828 concilium.
475 794 568 836 702.
588 795 649 825 11.
668 794 731 835 14.

82 846 136 887 Iri
154 855 195 884 et
204 842 339 896 Vlyffis
356 840 553 893 pugilatio.
570 842 731 892 14867.

81 900 270 955 stagera,
298 895 442 938 archon
460 894 608 937 Athen.
641 907 731 950 190.

83 969 87 975 ·
506 951 569 990 vlt.
591 958 730 1005 8441.

79 1008 733 1062 IschomachusCrotoniata,olymp.

139 1068 224 1108 vist.
346 1073 438 1121 843.
452 1077 544 1119 pen.
562 1075 733 1117 927.13.

80 1124 163 1173 lfl'a,
181 1120 312 1164 insula.
589 1131 654 1173 39.
671 1132 687 1162 1
700 1131 733 1161 1.

78 1182 209 1227 Italus,
229 1177 432 1219 Oenotrici
445 1175 615 1231 generis.
629 1183 735 1229 897.

137 1236 266 1282 Italus,
290 1235 426 1274 Italiae
445 1246 524 1281 rex,
548 1231 678 1271 bonus
696 1239 737 1270 et

136 1291 290 1344 sapiens
311 1290 502 1341 princepS.
525 1294 588 1339 88.
603 1291 733 1338 16.17.

135 1348 219 1389 Itali
252 1345 351 1385 filius
377 1346 537 1385 Siculus.
576 1351 639 1396 53.
671 1355 733 1385 10.

136 1404 232 1443 Italo
245 1400 409 1441 succedit
418 1402 591 1454 Morges.
600 1413 616 1443 1
626 1403 731 1451 365.

84 1461 172 1502 Itali
201 1458 248 1498 ab
276 1458 371 1498 Italo
402 1469 499 1509 rege
527 1456 729 1502 nominati,

139 1516 206 1568 qui
219 1515 310 1553 olim
321 1515 486 1553 Oenotri
499 1511 584 1552 diffi
602 1523 686 1565 341
696 1523 734 1564 3.

81 1573 199 1618 Italia,
220 1569 369 1610 abltalo
389 1569 649 1608 denominata.
670 1574 734 1617 88.

142 1640 204 1681 15.
239 1627 348 1666 Italia
368 1638 439 1678 pro
458 1625 599 1664 Vitalia
619 1623 731 1663 diua.

135 1696 200 1738 90.
223 1684 259 1724 6.
304 1682 461 1721 Graecis
480 1678 668 1733 Hesperia
694 1688 734 1718 et

136 1736 307 1781 Ausonia
323 1738 471 1778 dieitur.
485 1748 618 1790 90.13.
637 1735 733 1775 olim

136 1794 315 1836 Saturnia
350 1793 558 1833 nominata.
601 1798 668 1844 48.
694 1802 734 1843 7.

134 1863 203 1889 cur
214 1850 307 1888 olim
319 1849 492 1891 Saturnia
504 1848 612 1888 diua.
629 1855 732 1900 889.

139 1919 206 1960 90.
230 1917 290 1959 14.
352 1907 513 1945 Saturno
540 1902 639 1943 sacra
668 1916 733 1942 cut·

140 1961 297 2001 credita.
329 1972 479 2014 9415.
527 1960 733 2012 regionum

140 2018 316 2058 omnium
333 2016 656 2068 praestantissima.
668 2026 732 2068 91.

135 2085 173 2128 9.
197 2073 331 2112 Italiae
353 2074 447 2113 laus.
467 2076 580 2125 926.
603 2071 735 2111 ltaliae

140 2128 329 2170 definitio.
351 2140 416 2181 27.
441 2141 502 2171 12.
541 2128 676 2167 Italiae
696 2124 736 2164 fi·

135 2197 206 2224 nes
227 2185 319 2223 olim
341 2186 418 2236 qui.
442 2186 530 2234 186.
548 2197 582 2236 3.
604 2183 737 2224 ltaliae

140 2241 338 2279 orientalis
358 2253 443 2291 pars
460 2253 572 2292 quae,
584 2250 622 2279 et
633 2250 735 2290 quae

145 2296 411 2335 occidentalis.
430 2309 494 2349 33.
516 2308 575 2338 10.
606 2297 646 2335 in
667 2298 734 2334 lta·

142 2352 192 2390 lia
203 2352 465 2390 Graecanicae
485 2351 732 2404 v1·bes.2135·

142 2418 204 2448 12.
226 2407 356 2446 ltaliae
378 2406 545 2448 defeffio
563 2421 586 2448 a
603 2413 736 2449 Rorna-

140 2463 214 2501 nis.
594 2475 736 2516 271.4.

85 2517 230 2557 Iudicia
259 2517 430 2567 capitalia
453 2519 564 2568 plebs
585 2533 605 2558 a
626 2520 737 2570 patri·

142 2573 212 2613 bus
233 2573 280 2612 ad
300 2571 338 2612 se
356 2574 552 2614 transtulit.
577 2578 733 2625 18657.

142 2635 259 2684 1870.
291 2634 326 2679 8.
390 2629 531 2670 Iudicii
560 2630 734 2683 capitalis

911 117 970 158 M.

844 224 1010 278 potestas
1035 230 1192 280 quando
1219 230 1330 284 plebi
1356 246 1444 286 per-

842 278 961 322 miffa.
988 286 1081 335 468.
1101 297 1139 338 9.
1186 288 1227 326 in
1252 288 1444 331 Iudicium

843 337 983 390 populi
995 351 1148 380 vocatur
1158 343 1314 384 Cassius.
1323 349 1441 399 1695.

847 404 910 435 11.
948 394 992 433 in
1009 395 1200 436 Iudicium
1217 402 1354 452 populi
1374 414 1443 440 vo-

845 459 985 489 cantur
1001 463 1022 489 a
1042 451 1199 492 tribuno
1221 455 1444 498 consulares

843 503 895 544 ob
938 507 1160 560 negletstam
1204 522 1286 550 rem
1334 526 1446 566 agra-

843 562 952 601 riam.
977 569 1201 617 1845.pen.
1226 566 1442 608 deludiciis

843 617 982 670 populi
1015 618 1080 660 lex
1116 632 1139 659 a
1161 622 1317 662 Valerio
1348 624 1438 675 lata,

845 675 1098 715 examinatur.
1272 685 1388 730 1428.
1402 690 1439 731 5.

787 728 911 769 Iuliae
947 731 1078 784 gentis
1102 731 1237 772 au&or
1265 744 1305 773 et
1335 736 1442 775 clari-

840 795 909 824 tas.
1295 801 1385 843 177.
1399 804 1439 844 9.

787 842 902 894 Iulii,
940 840 1043 885 Alba
1067 843 1229 885 Romam
1257 846 1441 887 translati.

1348 933 1354 941 .
1377 914 1440 944 10.

786 952 904 993 Iulius
948 954 1133 994 Proculus
1187 954 1235 995 ab
1259 914 1444 997 4Xl9canio

844 1009 1051 1058 oriundus,
1088 1010 1138 1050 de
1154 1013 1320 1053 Romulo
1339 1026 1441 1066 quae

844 1066 1029 1105 retulerit.
1301 1081 1392 1123 370.
1402 1082 1442 1122 7.

791 1124 837 1166 C.
854 1122 972 1161 lulius
989 1125 1030 1161 (ἢ
1049 1117 1128 1161 esar
1152 1123 1329 1165 tribunos
1347 1127 1400 1178 pl.
1419 1140 1443 1166 a

845 1178 1032 1228 Pompeio
1053 1176 1238 1230 expulsos,
1265 1181 1444 1233 potestati

843 1230 931 1273 suae
948 1232 1119 1274 restituit.
1247 1241 1363 1290 1726.
1379 1250 1396 1279 1
1409 1249 1440 1279 1.

791 1289 836 1330 C.
851 1289 1083 1329 Iuliuslulus
1105 1289 1206 1331 cons.
1220 1304 1336 1344 1502.
1347 1307 1441 1345 pen.

843 1345 1015 1387 clulius
1034 1343 1179 1387 consul.
1207 1360 1324 1403 1734.
1338 1358 1373 1398 g.
1394 1350 1443 1393 C.

845 1402 962 1442 lulius
982 1402 1082 1441 Xvir.
1267 1416 1439 1460 ²14²·4·

789 1458 892 1509 Vop.
910 1457 1029 1497 lulius
1047 1456 1189 1498 consul.
1273 1467 1389 1515 1844.
1405 1474 1440 1513 5.

789 1514 886 1562 Iulo,
908 1511 1060 1555 Ascanii
1075 1513 1169 1562 filio,
1189 1513 1443 1557 sacerdotium

846 1582 917 1621 pro
936 1581 1060 1622 regno
1082 1570 1203 1612 datur.
1301 1586 1389 1627 177.
1404 1576 1441 1615 6.

790 1625 915 1675 Iulus,
947 1626 1033 1666 Iulii
1053 1639 1288 1681 cognomen.
1323 1640 1441 1684 1502.

1347 1699 1436 1736 pen.

788 1737 899 1778 Iunia
916 1747 1035 1790 prata.
1059 1744 1201 1790 878.1.
1224 1739 1299 1779 vid.
1318 1751 1401 1784 not.
1414 1756 1442 1781 c.

788 1797 829 1837 L.
848 1795 989 1843 lunius,
1009 1796 1177 1835 M.1unii
1195 1798 1443 1849 eTarquinia

844 1849 958 1891 filius,
978 1857 1069 1904 803.
1092 1863 1152 1904 17.
1173 1854 1275 1891 Bruti
1299 1866 1445 1907 cogno-

841 1918 934 1945 men
953 1906 1057 1947 vnde
1074 1906 1263 1947 habuerit.
1284 1915 1442 1961 803.10.

841 1962 1108 2009 Collatinum,
1138 1965 1372 2012 Lucretium,
1404 1974 1445 2005 et

844 2028 1028 2064 caeteros,
1048 2017 1095 2057 ad
1110 2016 1341 2058 vlciscendas
1349 2024 1444 2061 Tar·

845 2074 1071 2123 quiniorum
1109 2074 1270 2114 iniurias
1305 2075 1445 2115 exhor-

847 2138 954 2167 tatur.
977 2135 1067 2178 308.
1089 2142 1125 2182 ς.
1150 2142 1234 2169 cum
1245 2132 1443 2172 Collatino

848 2182 1073 2237 designatur
1101 2183 1243 2225 consul.
1285 2194 1375 2237 821.
1404 2191 1443 2231 6.

849 2246 940 2293 840.
960 2242 997 2282 6.
1023 2246 1112 2292 844.
1127 2254 1162 2294 3.
1182 2243 1277 2281 item
1297 2257 1333 2295 p.
1351 2250 1442 2296 189.

844 2308 937 2348 pen.
975 2294 1132 2335 seuerus
1159 2298 1200 2336 in
1230 2300 1444 2351 puniendis

844 2350 935 2391 filiis
955 2362 993 2390 et
1014 2363 1106 2391 caet.
1119 2354 1334 2392 coniuratis.
1350 2357 1442 2403 860.

847 2421 939 2460 pen.
963 2409 1054 2457 861·
1074 2420 1112 2458 4.
1133 2412 1224 2457 862.
1247 2423 1339 2460 pen.
1385 2424 1445 2450 re-

848 2474 956 2502 moto
1006 2464 1201 2504 Collatino
1240 2465 1442 2506 Valerium

848 2518 916 2558 sibi
937 2519 1127 2572 collegam
1144 2517 1322 2559 adsciscit.
1346 2527 1440 2575 873.

845 2587 880 2618 1.
902 2586 939 2626 7.
989 2575 1035 2613 ab
1058 2581 1205 2615 Arunte
1221 2578 1440 2627 Tarquinio

840 2632 880 2671 in
911 2630 1089 2684 lingulati
1111 2633 1321 2673 certamine
1345 2635 1444 2673 occi-

1326 2688 1438 2732 ditur.
