1751 3154
20 2391 24 2408 ι
77 2374 383 2428 Compositoriae
399 2390 508 2420 artes.

2 2429 27 2466 Ἰ
77 2433 218 2473 Comra
241 2434 339 2472 »Ueiis
360 2446 441 2473 non
468 2433 731 2486 piMaefeienda

537 141 948 186 RERVM.

118 251 415 306 compositionis⁴
433 248 580 306 species
610 264 712 305 quae

115 310 258 363 primas
279 307 388 349 ferat.
418 312 506 358 186.
526 321 563 362 7.
610 322 712 348 com·

116 365 315 419 positionis
333 363 557 405 artificiosae
571 376 714 405 munus

114 422 264 473 triplex.
286 434 350 475 39.
361 432 399 473 7.
420 420 644 474 compositio
657 434 714 460 ar-

118 475 273 516 tificiosa
303 479 510 518 Mineruae
535 477 714 518 Homeri-

115 545 184 573 cae
202 535 413 586 comparari
426 534 560 586 potest.
572 541 633 583 28-
650 545 712 575 10·

117 589 408 641 compositionis
419 591 626 630 verborum
639 590 715 628 ele·

116 648 244 698 gantis
272 659 413 699 magna
440 645 630 686 veteribus
652 658 714 684 cu-

115 715 158 740 ra
173 700 257 750 fuit,
276 713 355 741 tum
377 703 417 742 in
436 700 552 755 prosa,
576 713 654 741 tum
671 702 715 740 in

116 759 299 797 carmine.
324 762 442 802 1066.
461 774 500 813 4.
533 755 715 808 composi·

118 814 173 852 tio
211 829 233 854 a
269 814 463 855 veteribus
502 814 715 866 diligenter

119 866 342 916 obseruata3
381 885 402 910 a
434 868 715 911 recentioribus

118 925 569 980 neglectafuit.29.10.et
581 933 715 979 3813.

119 981 397 1034 compositione
414 982 617 1021 verborum
638 984 716 1021 De-

117 1038 340 1078 mosthenes
381 1049 552 1079 caeteros
591 1047 717 1076 orato-

119 1106 181 1133 res
208 1094 330 1147 longe
356 1091 561 1146 superauit.
596 1096 712 1136 1062.

117 1162 208 1200 pen.
232 1149 456 1202 compositio
476 1148 608 1202 prosae
628 1162 715 1188 ora-

118 1206 235 1246 tionis
255 1217 294 1246 vt
313 1208 481 1258 poemati
502 1217 538 1247 et
556 1205 718 1244 carmini

117 1260 186 1301 fiat
205 1261 346 1302 fimilis.
369 1266 459 1316 196
474 1266 510 1305 6.
534 1260 719 1313 composi-

118 1318 239 1357 tionis
263 1330 390 1372 genus
410 1319 625 1365 occultum,
655 1314 717 1356 seu

120 1373 453 1426 lateus.133.10
493 1373 718 1425 compofitio

120 1428 369 1470 confidenter
393 1430 632 1482 pertexenda
651 1428 717 1468 est.

116 1496 184 1539 70.
198 1497 235 1538 3.
259 1486 484 1536 compofitio
506 1487 581 1525 vim
601 1498 721 1537 quan·

123 1551 200 1580 tam
226 1541 378 1580 habeat.
467 1554 581 1595 9.15.
613 1552 720 1593 10.4.

71 1596 379 1649 compositionis
405 1600 579 1637 austerae
597 1597 723 1637 chara-

123 1654 214 1699 ὃμὲν,
233 1663 273 1692 et
293 1656 466 1693 auctores
486 1666 532 1692 ea
544 1651 604 1693 vsi.
627 1664 716 1705 147.

124 1709 190 1748 vlt.
223 1720 312 1762 ¹50·
340 1713 378 1753 6.
434 1707 722 1761 compofitionis

124 1764 275 1817 politae
314 1778 357 1804 ac
392 1765 556 1805 floridae
596 1763 724 1803 char-a
743 1770 746 1772 “

123 1821 214 1860 (ter.
242 1832 329 1873 170.
353 1834 388 1874 ς.
434 1819 724 1873 compositionis

125 1873 318 1938 asperitas.
338 1887 434 1929 793.
453 1880 491 1920 6.
540 1874 725 1928 composi-

126 1931 244 1970 tionis
281 1931 469 1972 deformis
511 1932 721 1982 exemplar.

129 1998 219 2039 123.
232 1999 269 2038 7.
290 1988 572 2052 compositione
592 1985 726 2026 verbo-

127 2056 212 2082 rum
241 2045 350 2096 graui
379 2056 418 2083 et
439 2041 545 2082 suaui
565 2052 725 2081 ornatur

124 2099 258 2138 oratio.
291 2112 325 2152 5.
354 2112 391 2152 7.
438 2098 725 2151 compositionis

125 2155 288 2194 mutatio
306 2155 544 2195 venustatem
558 2155 726 2194 orationi

129 2209 274 2251 adimit.
286 2222 422 2265 20.14.
442 2210 726 2263 compofitionis

130 2265 335 2305 velwbolum
361 2278 488 2319 partes
507 2278 594 2314 tres,
625 2279 727 2306 com·

130 2330 241 2367 mata,
261 2323 357 2369 cola,
375 2323 539 2374 periodi.
559 2326 648 2371 862.
666 2334 727 2375 13.

614 2392 675 2422 10.
691 2381 728 2421 6.

128 2489 170 2527 in
192 2489 429 2529 elocutione.
588 2504 679 2545 559.
695 2503 732 2543 5.

20 2551 29 2582 1
77 2544 360 2585 Concinnitas
351 2558 392 2583 in
406 2545 582 2585 modulis.
595 2559 686 2599 474.
693 2560 729 2599 3.

20 2598 33 2666 ξ
80 2600 352 2642 Concionibus
371 2602 486 2652 quale
498 2601 694 2641 dicendir
669 2615 735 2655 ge·

135 2669 207 2696 nus
233 2667 457 2699 conueniat.
489 2669 605 2714 1097.
637 2671 732 2711 pen·

822 254 1037 294 conciones
1063 252 1308 310 Thucydidis
1326 266 1423 296 exa-

821 311 1004 350 minatae.
1026 314 1116 363 896.
1137 322 1176 363 7.
1209 312 1422 351 conciones

818 366 1068 420 Thucydidis
1096 367 1286 420 Dionysio
1321 380 1424 420 quae

822 435 917 476 prae
927 422 1088 462 caeteris
1100 423 1422 477 probentur.920.
1455 456 1467 460 -

823 490 888 521 11.
947 479 1268 518 concionatorum
1316 479 1424 531 apud

820 533 966 577 Athen.
994 545 1146 573 veteres
1176 548 1261 575 cum
1291 548 1425 576 recen-

823 590 982 630 tioribus
998 590 1165 629 collatio.
1253 603 1369 643 1015.
1383 597 1420 640 8.

771 643 937 688 Concisa
963 645 1131 685 breuitas
1156 659 1259 697 quae
1286 659 1425 698 putan-

823 704 884 743 da.
905 715 997 756 377.
1009 714 1048 756 7
1069 700 1241 741 concisae
1259 702 1425 742 breuita-

826 760 873 799 tis
912 759 1115 811 exemplar
1150 757 1420 811 Thucydides.

1060 825 1155 867 775
1170 826 1229 856 10
1249 826 1343 868 792
1358 815 1422 853 vlr-

772 870 1024 914 Concordiae
1045 872 1136 911 lans.
1223 883 1318 924 249
1333 883 1424 922 pen.

773 928 1034 968 conditorum
1058 925 1204 966 laudes.
1281 929 1425 980 2569.

771 984 958 1026 Conditio
1006 996 1136 1022 rerum
1183 983 1310 1022 tenuis
1351 996 1429 1021 ma-

825 1053 948 1094 gnum
966 1049 1004 1079 et
1015 1039 1164 1078 virilem
1177 1038 1350 1077 animum
1363 1038 1429 1077 ad-

825 1097 922 1135 dere
940 1108 1022 1134 non
1044 1093 1152 1134 solet.
1255 1105 1372 1136 1020.
1388 1107 1425 1135 2.

772 1166 843 1205 pet
863 1148 1049 1192 Confefl'a
1075 1149 1260 1191 incedere
1289 1152 1331 1189 in
1360 1150 1430 1188 do-

829 1207 969 1247 cendo.
1254 1218 1347 1258 410.
1365 1217 1426 1247 10.

774 1264 1050 1317 Congiobare:
1090 1274 1237 1315 quaere
1263 1265 1430 1305 Contor·

827 1333 960 1372 quere.

773 1374 1090 1421 Confirmationis
1108 1373 1232 1426 capita
1251 1385 1329 1424 quo
1348 1384 1430 1412 mo-

830 1432 882 1472 do
919 1442 961 1471 et
997 1443 1075 1482 quo
1115 1430 1255 1470 ordine
1291 1441 1432 1481 propo-

831 1488 977 1528 nenda.
998 1494 1091 1540 378.
1114 1499 1150 1527 2.
1169 1494 1261 1538 380.
1279 1498 1317 1538 7.
1339 1497 1432 1523 con-

832 1543 999 1584 firmatio
1030 1543 1133 1594 quali
1151 1542 1325 1581 dictione
1345 1553 1432 1592 per-

834 1610 987 1640 texatur
1005 1598 1154 1651 aLysia.
1174 1610 1267 1651 470.
1283 1604 1317 1646 8.
1340 1609 1436 1634 con·

831 1655 1062 1695 firmationis
1087 1654 1288 1693 laudabilis
1303 1664 1435 1692 exem-

832 1712 942 1763 plum
962 1723 985 1749 e
1005 1708 1120 1762 Lysia.
1142 1721 1237 1763 511.
1256 1721 1318 1750 10.
1340 1721 1436 1746 con-

832 1767 1072 1807 firmationes
1085 1764 1295 1818 Hyperidis
1315 1765 1437 1803 acrio-

833 1836 903 1863 r.es
925 1825 1102 1875 641.14
1130 1820 1439 1860 confirmationis

837 1879 940 1918 vitia.
959 1889 1104 1930 3901.
1124 1874 1436 1915 confirmationis

836 1943 1067 1986 argumenta
1089 1931 1360 1983 propositionis
1378 1944 1437 1970 ca-

837 1990 982 2041 pitibus
1002 1988 1214 2027 innec'tere.
1291 1994 1384 2038 287.
1399 1994 1437 2036 8.

783 2045 1046 2088 Coniefiharae
1100 2044 1143 2082 in
1187 2042 1437 2083 iudicialibus

838 2100 980 2141 caustis.
1263 2111 1355 2152 391.
1373 2111 1454 2141 12.-

784 2155 1123 2202 Coniunffionum
1205 2155 1437 2194 accidentia.

844 2222 1048 2263 1115.12.
1092 2210 1438 2252 coniunctionibus

840 2268 1023 2307 accidunt
1042 2265 1131 2304 dun.
1156 2277 1322 2319 1101.7.
1347 2280 1440 2306 con-

840 2323 1084 2363 iuiiffionum
1111 2319 1193 2361 vsus
1221 2323 1262 2361 in
1291 2323 1440 2363 austera

843 2377 1124 2431 compositione
1143 2378 1274 2417 rarior.
1301 2391 1389 2431 150.
1401 2391 1438 2420 2.

1272 2446 1388 2486 1073·
1401 2449 1439 2487 4·

789 2491 947 2533 Coniux
970 2491 1071 2529 vitae
1090 2501 1210 2528 onera
1229 2490 1375 2528 leuiora
1389 2489 1443 2530 ef·

842 2547 931 2587 sicit.
971 2559 1064 2598 237.
1104 2557 1164 2587 11.
1224 2546 1441 2598 coniugum

841 2603 1054 2642 concordia
1101 2611 1198 2652 quot
1228 2612 1268 2640 et
1295 2613 1442 2652 quanta

844 2657 979 2700 afferat
1008 2656 1225 2698 commoda.
1268 2669 1362 2709 249.
1381 2670 1442 2711 ¹4·

902 2719 1003 2758 Aaa
1034 2725 1059 2767 ς
1278 2715 1442 2757 Connu-
