1751 3154
550 140 969 184 RERVM.

128 251 255 293 stheni
272 247 367 319 falso
383 248 580 306 adscripta.
611 264 628 295 1
639 255 729 347 ῐ216

659 322 681 346 ι
701 319 714 347 t

75 361 256 405 aduersus
296 362 556 404 Aristonicum
606 366 729 404 oratio

841 250 1002 290 stoteles
1044 251 1094 292 de
1122 254 1227 294 ciuili
1256 255 1444 298 orationis

838 319 990 361 genere
1009 322 1109 359 quae
1129 311 1330 351 tradiderit
1344 312 1442 352 Rhe-

835 364 989 401 toiican
1008 365 1341 420 liblote1110197
1347 382 1439 419 pen.

128 417 438 473 Dinarchisuper
449 420 627 473 pecuniis
637 424 730 461 Har·
783 419 1000 461 Aristotelis
1021 422 1095 460 vita
1114 421 1283 462 breuiter
1300 422 1441 465 descri-

127 476 272 528 palicis.
585 480 678 531 654.
691 489 728 529 3.

72 531 353 584 Aristophanes
373 564 384 583 ‚
435 531 583 572 archon
632 533 728 573 Ath.

126 591 222 642 649.
245 602 285 642 4.
317 587 593 641 Aristophanes
611 592 727 640 poeta

125 646 169 684 in
198 644 410 684 comoediis
430 642 502 683 suis
522 645 725 697 politicum

125 701 209 753 agit
228 711 266 741 et
283 697 567 753 philosophum.
587 712 723 753 3023.

123 769 163 810 4.
185 755 450 808 Aristophanis
469 757 565 795 eila.
587 768 719 797 221.1.

123 811 394 864 Aristophanis
412 810 533 851 versus
545 821 722 849 tetrame-

124 878 184 907 ter
211 869 490 918 anapaesticus,
535 880 582 905 ex
607 874 717 912 Νεφέ.

123 936 210 967 λαις.
230 935 369 966 2021.
392 921 720 974 Aristophaneum

122 989 400 1021 tetrametrum.
426 991 513 1033 199.
526 982 562 1021 6.
584 991 719 1021 2021.

67 1035 405 1088 Aristophanicum
474 1035 717 1076 vocabulum.

609 1103 625 1132 1
661 1122 668 1129 .
709 1120 718 1130 .

67 1146 304 1198 Aristophon
322 1176 333 1198 ,
383 1146 526 1186 archon
571 1103 717 1189 thieii.

351 1206 442 1255 649.
456 1216 549 1254 pen.
572 1205 665 1256 746.
677 1205 716 1245 6.

66 1271 139 1312 pro
157 1257 441 1308 Aristophontis
467 1257 613 1298 filiabus
635 1271 718 1297 ora·

120 1316 174 1353 tio
195 1314 398 1353 Dinarchi.
544 1318 636 1357 662.
650 1315 714 1353 vlt.

66 1369 304 1419 Aristoteles,
335 1370 613 1421 Peripateticae
634 1368 716 1422 phi-

120 1424 322 1477 losophiae
350 1427 537 1465 conditor.
562 1437 656 1479 719.
678 1437 713 1478 5.

117 1482 303 1534 quamdiu
355 1482 458 1534 apud
512 1483 714 1523 Platonem

124 1548 394 1577 commoratus.
412 1549 504 1591 733
531 1550 563 1579 1.
592 1539 719 1578 Plato-

120 1606 240 1641 nem,
271 1594 490 1647 magistrum
508 1591 633 1640 suum,
662 1605 718 1633 r-e

118 1649 342 1746 {3032322‘33‘
359 1661 486 1757 1⁷13}ss
498 1656 716 1745 ‘1233313131

119 1772 213 1816 443.
276 1759 445 1801 Isocratis
464 1761 598 1801 laudes
625 1773 715 1800 con-

116 1815 290 1869 spurcare
309 1828 466 1856 conatus
489 1818 552 1856 est.
572 1829 662 1870 577.
674 1829 713 1868 3.

839 486 917 527 pta.
937 487 1031 528 727.
1055 489 1095 529 7
1121 479 1331 519 Aristotelis
1351 480 1440 520 cha-

839 531 970 571 raffier.
998 543 1093 584 430.
1128 546 1165 586 9.
1219 535 1438 577 ArIstotelis

839 586 1068 639 compofitio
1087 590 1219 639 qualis.
1242 598 1330 642 187.
1343 606 1436 643 pen.

835 643 1055 684 Aristotelis
1077 645 1186 684 locus
1208 658 1257 685 ex
1277 646 1434 688 Rhetor.

834 699 900 738 lib.
936 712 968 741 1.
1006 701 1046 738 in
1083 713 1163 752 quo
1191 704 1435 752 Topicorum

831 752 984 795 suorum
1016 757 1207 796 meminit.
1239 768 1332 811 729.
1368 771 1431 802 11.

831 812 939 850 locus
967 824 1017 851 ex
1040 811 1193 852 Rhetor.
1225 812 1292 853 lib.
1318 826 1351 856 1.
1381 815 1433 855 de

832 869 1035 919 exemplis,
1055 867 1096 907 in
1119 881 1198 920 quo
1209 870 1435 922 Analytico-

826 937 922 971 rum,
945 925 1200 975 Topicorum,
1227 926 1432 966 etMetho-

827 979 1002 1018 dicorum
1046 977 1199 1020 suorum
1236 983 1429 1023 meminit.

824 1045 992 1088 730.10.
1012 1035 1118 1075 Iocus
1131 1049 1178 1076 ex
1191 1034 1296 1077 Rhet.
1310 1037 1375 1077 lib.
1388 1051 1427 1080 2.

827 1092 868 1130 in
897 1104 974 1142 quo
1001 1090 1201 1143 Philippus
1231 1093 1430 1134 tranfitum

828 1147 872 1186 in
893 1147 1061 1187 Atticam
1090 1162 1111 1187 a
1131 1147 1335 1189 Thebanis
1358 1162 1430 1202 pe·

827 1203 883 1241 tit.
902 1214 996 1256 739.
1023 1215 1083 1245 12.
1117 1203 1225 1243 locus
1246 1217 1294 1243 ex
1314 1205 1428 1247 Rhet.

827 1257 894 1297 lib.
924 1272 959 1312 3.
988 1259 1040 1297 de
1067 1259 1334 1311 metaphoris,
1379 1262 1426 1302 in

822 1327 900 1367 quo
920 1313 1145 1367 Olynthiaci
1173 1315 1266 1355 belli
1288 1319 1426 1356 memi-

825 1371 895 1410 nit.
913 1372 1084 1423 733.16.
1105 1371 1211 1411 locus
1230 1384 1277 1411 ex
1287 1372 1426 1412 Rheto-

825 1427 924 1474 ricis,
961 1428 1004 1464 in
1026 1439 1104 1478 quo
1121 1427 1424 1469 Demosthenica

827 1481 1067 1534 reipublicae
1097 1483 1268 1523 trafitatio
1295 1499 1316 1523 a
1344 1489 1424 1527 De-

829 1538 944 1578 made
963 1534 1163 1578 incusatur.
1177 1550 1270 1592 745.
1285 1551 1344 1591 13.
1366 1542 1423 1580 lo-

827 1606 894 1633 cus
922 1607 971 1633 ex
989 1592 1144 1634 Rhetor.
1164 1595 1206 1634 in
1232 1609 1308 1646 quo
1327 1596 1425 1636 iudi·

826 1651 877 1689 cii
896 1650 946 1687 de
957 1650 1226 1690 Demosthene
1245 1651 1365 1691 habiti
1380 1651 1424 1692 fit

824 1706 989 1745 mentio.
1009 1716 1102 1769 747.
1126 1719 1160 1749 1.
1186 1706 1424 1747 Aristoteliei

822 1762 1070 1814 praeceptori
1098 1759 1164 1802 suo
1184 1763 1347 1803 nimium
1367 1777 1425 1802 ar·

830 1828 984 1871 rogant.
1246 1830 1340 1872 735.
1355 1821 1420 1860 vlt.

119 1874 300 1913 virtutem
321 1874 413 1912 dicit
434 1870 512 1912 effe
530 1872 713 1912 medieta-
769 1873 1021 1917 Aristoxenus
1042 1872 1203 1913 musicus
1222 1874 1274 1914 de
1292 1875 1422 1915 litera-

121 1937 212 1968 tem
240 1931 327 1976 186.
350 1941 388 1982 9.
428 1930 612 1968 orationis
632 1942 713 1980 par

120 1993 179 2023 tes
227 1996 321 2036 quot
358 1995 398 2023 et
433 1997 525 2035 quas
562 1983 711 2023 fecerit.

119 2044 156 2089 8.
178 2053 215 2082 2.
238 2039 563 2080 cumTheodeeie
585 2051 712 2092 partes

118 2097 305 2135 orationis
331 2097 590 2135 elementares
619 2095 715 2135 fecit

117 2161 206 2191 tres.
245 2164 361 2194 1101
388 2156 424 2196 6
477 2152 714 2192 Rhetoricen

116 2204 219 2246 suam
240 2209 399 2259 quando
412 2206 605 2259 scripserit
617 2220 712 2271 723.

118 2274 213 2315 pen.
239 2264 332 2304 Rhe:
337 2265 455 2303 oricas
474 2265 717 2317 praeceptio·

121 2331 191 2358 nes
233 2333 309 2371 qua
355 2331 479 2360 aetate
517 2318 711 2372 scripserit.

120 2381 219 2437 729.
230 2386 267 2426 ς.
287 2386 427 2428 7327.
446 2388 538 2430 745.
554 2380 591 2419 6.
627 2376 713 2416 tlte-

119 2441 237 2468 torica
275 2443 482 2483 praecepta
516 2433 621 2472 vnde
648 2433 714 2472 de·

118 2483 332 2537 promserit.
349 2498 442 2539 749.
468 2500 505 2540 9.
534 2487 715 2528 Aristote-

115 2543 163 2582 lis
197 2541 399 2581 Rhetorica
435 2556 573 2583 omnes
606 2541 717 2595 supe·

119 2599 262 2637 riorum
276 2598 431 2638 dicendi
448 2610 548 2639 artes
559 2610 597 2639 et
609 2613 716 2652 prae·

115 2665 231 2705 cepta
251 2655 437 2695 continet.
467 2668 561 2710 443.
627 2656 714 2698 Ati-

154 2722 502 2754 nloN.1·iA1.·v0L.
520 2714 582 2754 vt.

823 1942 908 1968 rum
930 1927 1152 1968 discrimine
1171 1941 1208 1967 vt
1232 1931 1422 1970 existima·

821 1986 882 2026 rit.
903 1996 967 2037 72·
987 1997 1019 2026 1.
1042 1985 1261 2025 Aristoxeni
1282 1987 1359 2025 de
1342 2003 1422 2033 ηγε-

823 2040 884 2088 μέν
871 2057 920 2084 νος
951 2040 1064 2093 pedis
1101 2053 1187 2081 ortu
1217 2039 1420 2082 sententia.

1222 2109 1419 2150 1101-15.

771 2156 844 2196 Ars
892 2150 1010 2192 fidem
1055 2153 1237 2192 conciliat
1274 2153 1419 2194 artifici.

827 2214 918 2261 578-
945 2220 1004 2259 13
1051 2213 1124 2248 Ars
1155 2198 1336 2261 quaeque
1358 2207 1420 2250 sua

826 2263 1012 2304 vocabula
1033 2274 1072 2303 et
1091 2261 1169 2304 suas
1182 2265 1421 2319 habetphia·

824 2319 890 2361 ses.
911 2331 1005 2373 405.
1025 2333 1061 2371 4.
1101 2322 1239 2361 artium
1265 2333 1422 2373 praece·

821 2389 888 2430 pta
907 2389 989 2415 non
1009 2373 1257 2428 aspernanda.
1277 2380 1420 2420 2126.

823 2434 964 2473 artium
998 2443 1204 2483 praecepta
1235 2432 1315 2471 fine
1342 2433 1422 2471 affi-

825 2489 901 2528 dua
919 2488 1173 2526 meditatione
1184 2499 1299 2539 atque
1313 2501 1422 2528 exer·

825 2545 1013 2584 citatione
1035 2543 1145 2583 nihili
1166 2541 1260 2583 sunt.
1284 2555 1375 2597 224
1381 2557 1419 2597 4.

824 2602 911 2641 artis
931 2600 1128 2647 iudicium,
1159 2596 1222 2639 seu
1247 2597 1419 2640 censura.

824 2670 918 2713 410
941 2668 1030 2707 pen.
1084 2655 1222 2697 attium
1250 2654 1380 2704 κςιτιῖςι
1383 2672 1418 2694 a.

879 2717 979 2755 Aa:
1327 2718 1420 2764 817.
