1751 3154
797 106 1169 150 1NDEX

384 223 506 271 2068.
527 233 618 272 pen.
662 219 711 260 ad
736 220 909 272 Appium
939 228 980 258 et

387 279 630 318 decemuiros
668 288 766 328 quae
793 275 909 316 verba
937 276 981 314 in

330 359 333 362 ⁴
388 333 517 374 senatu
532 333 874 385 feceri't.2173.15.
898 330 982 382 post

386 390 509 442 Appii
528 389 725 429 silentium
744 402 844 440 quae
864 386 983 427 verba

387 447 436 486 ad
457 443 625 484 senatum
644 445 792 484 feeerit.
816 455 932 497 2192.
945 455 984 496 4.

390 502 485 541 vrbe
503 501 634 541 remla
653 502 694 540 in
706 500 870 539 Sabinos
893 512 985 537 con-

390 558 504 597 cedit.
524 569 601 599 221
615 560 692 600 1.6.
715 560 756 598 L.
767 556 923 595 Valerio
945 562 985 594 et

392 616 450 653 M.
471 613 633 652 Horatio
661 611 897 663 triumphum
918 623 986 662 pe-

388 669 559 710 tentibus
586 667 737 707 oblil'tit.
774 673 894 716 2281.
922 678 983 708 10.

392 724 499 778 plebi
528 737 603 763 nec
631 722 854 771 consulatu,
908 734 985 760 nec

336 806 339 807 ν
390 781 467 821 alio
485 779 724 833 magistiQatu
763 778 984 818 cedendum

387 836 543 876 iudicat.
562 848 725 888 2291.)
701 839 738 877 6.
768 835 861 873 vtile
882 831 984 872 sena-

392 893 447 932 tui
475 903 513 931 et
538 889 652 930 const'.
686 892 750 930 dat
773 889 984 929 consilium.

389 959 510 998 2292.
535 959 595 988 12.
634 946 797 984 tribunis
818 955 856 983 et
878 944 987 996 plebi

389 1004 528 1042 acriter
548 1000 771 1055 refragatur.
810 1013 984 1052 23024.

334 1064 393 1105 M.
424 1057 636 1106 Claudius,
682 1057 801 1108 Appii
828 1055 987 1097 Claudii

389 1115 538 1162 cliens,
583 1112 702 1152 homo
736 1113 986 1161 impudenter

336 1181 337 1184 ’
389 1169 526 1210 audax.
546 1180 665 1221 2229.
688 1180 750 1211 11.
781 1168 986 1221 virginiae

391 1240 414 1265 a
432 1223 470 1265 se
489 1236 666 1276 arreptae
686 1225 880 1264 rationem
903 1222 985 1261 red-

392 1281 460 1320 dit.
481 1293 600 1333 2231.
620 1293 658 1332 4.
708 1280 925 1334 Vir-giniam
947 1278 985 1317 vi

385 1336 579 1376 abducere
607 1347 780 1375 conatur.
808 1347 927 1387 2239-
947 1337 985 1377 6.

391 1402 584 1446 perpetuo
610 1392 739 1432 exfilio
767 1391 978 1431 mulcftarur.

814 1459 934 1499 2277
950 1459 983 1488 1

331 1507 379 1546 T.
393 1504 575 1548 Claudius
596 1516 681 1543 cum
703 1501 774 1542 suis
787 1508 943 1545 Romam
960 1514 984 1541 e

389 1560 541 1602 Sabinis
557 1560 709 1613 migrat.
830 1561 928 1610 936
944 1571 980 1610 3·

335 1616 524 1659 Claudius
545 1619 650 1654 Nero
670 1616 714 1654 ΙΙ.
735 1612 836 1653 cons.
866 1626 926 1656 11.
942 1619 980 1661 8.

332 1672 542 1713 Cleonidas
560 1671 782 1710 Thebanus.
815 1681 905 1722 537.
921 1680 982 1720 15.

335 1728 511 1770 Clientes
542 1736 746 1778 patronum
767 1725 832 1764 fibi
851 1737 981 1776 quem-

385 1794 540 1833 cunque
551 1783 685 1835 legere
695 1792 853 1832 poteran
861 1791 982 1834 t.254.

383 1848 423 1891 7.
469 1839 652 1877 clientum
673 1836 806 1876 officia.
836 1848 926 1890 257.
947 1848 984 1888 4.

388 1894 575 1933 clientum
602 1904 641 1932 et
667 1904 916 1944 patronorum
940 1893 979 1930 in

386 1948 513 1989 studio
547 1960 586 1988 et
622 1948 699 1987 fide
734 1950 978 1987 concertatio.

388 2012 482 2058 258.
509 2017 567 2057 14.
596 2005 756 2044 clientes
774 2015 813 2043 et
833 2002 979 2043 sodales

387 2074 598 2112 patronum
620 2074 669 2100 ex
690 2060 781 2099 vrbe
804 2058 982 2100 seceden-

386 2127 465 2154 tem
489 2113 717 2166 sequuntur.
757 2128 876 2158 2211.
917 2128 979 2157 10.

388 2172 509 2209 cliens
521 2174 689 2210 moriens
701 2182 864 2223 patrono
880 2184 980 2209 com-

385 2227 546 2265 mendat
572 2229 728 2266 tutelam
749 2227 827 2265 filii.
857 2234 976 2278 2248

384 2285 422 2324 6.
451 2282 569 2320 cliens
593 2283 740 2332 pattoni
763 2280 973 2320 suinomen

384 2350 535 2401 gerens,
556 2350 673 2388 2229
697 2350 756 2378 11.
805 2338 974 2377 Cliente-

385 2394 474 2432 lae·
464 2406 560 2432 iura.
577 2404 670 2443 257.
692 2405 783 2443 pen.
815 2393 974 2430 cliente-

382 2450 443 2488 lae
474 2446 700 2487 numerosae
729 2447 829 2485 laudi
850 2459 887 2485 et
907 2447 972 2484 ho-

381 2505 466 2543 nori
497 2513 606 2543 erant
633 2502 839 2557 illustribus
865 2502 973 2541 fami-

383 2560 457 2599 liis.
802 2566 893 2608 253.
912 2571 970 2599 10.

328 2615 512 2665 Cloacae,
541 2629 617 2656 vna
637 2629 659 2656 e
677 2612 971 2668 magnificentis-

1088 217 1190 257 fimis
1224 219 1326 258 vrbis
1351 217 1556 258 strufiluris.
1594 224 1687 270 581.

1095 286 1158 316 10.
1191 274 1419 318 Cloacarum
1440 272 1548 314 foffio
1567 277 1691 314 aTar-

1092 331 1229 382 quinio
1243 330 1365 371 Prisco
1384 330 1575 370 inchoata.
1594 337 1687 384 581.

1093 398 1132 438 4.
1158 386 1384 428 Cloacarum
1404 388 1631 440 expurgatio
1650 397 1691 427 et

1092 440 1252 480 refeffio
1272 455 1294 480 a
1313 440 1427 482 cenff.
1448 444 1624 482 locataM
1639 453 1691 481 ta·

1093 498 1222 536 lentis.
1251 505 1341 551 582.
1372 509 1405 539 1.
1461 499 1501 537 in
1530 500 1691 540 cloacas

1090 553 1266 592 conieE’ta
1296 552 1480 593 cadauera
1511 554 1691 604 pestilen-

1096 612 1159 655 tia,
1189 608 1303 661 pestis
1321 607 1516 649 saeuitiam
1537 607 1693 663 exaspe-

1096 676 1193 705 rant.
1516 676 1690 719 21327.

1040 722 1191 764 Cloelia
1227 720 1353 769 duce,
1399 720 1547 760 obfides
1582 720 1691 761 aufu-

1095 778 1221 831 giunt.
1242 784 1332 829 918.
1346 789 1382 831 9.
1412 778 1563 817 Cloelia
1583 790 1690 828 equo

1092 833 1291 886 phalerato
1304 833 1483 872 donatur.
1497 846 1549 886 92
1559 847 1574 876 1
1584 846 1689 884 pen.

1097 889 1277 931 Cloeliae
1294 887 1527 930 donatufius
1540 902 1690 929 aeneae

1096 944 1250 983 statuae.
1524 950 1527 952 ’
1545 959 1639 999 924.
1656 957 1691 988 Ι.

1042 1000 1217 1042 Cloeliae
1248 998 1377 1040 foffae.
1416 1011 1508 1054 413.
1542 1007 1578 1049 8.
1639 1001 1691 1041 ad

1095 1056 1263 1098 Cloelius
1296 1053 1407 1096 foffas
1437 1057 1550 1097 castra
1577 1057 1693 1110 ponit

1096 1113 1278 1151 Marcius.
1301 1125 1415 1166 1549.
1440 1123 1535 1164 pen.
1571 1111 1690 1165 Apud

1094 1169 1246 1207 Liuium
1292 1167 1481 1219 quaedam
1519 1169 1690 1220 exempl.

1094 1222 1241 1262 habent
1263 1224 1426 1263 Cluiliae.

1041 1277 1218 1318 Cloelius
1245 1276 1335 1328 (seu
1357 1280 1548 1332 Cluilius)
1577 1279 1693 1320 Alba4

1092 1347 1165 1374 nos
1210 1335 1250 1373 in
1286 1339 1476 1376 Romanos
1513 1337 1691 1378 concitat.

1093 1402 1185 1444 407.
1215 1391 1278 1429 vlt.
1322 1389 1444 1431 subita
1471 1402 1512 1430 et
1542 1391 1692 1432 occulta

1094 1456 1222 1486 morte
1242 1445 1509 1500 exstinguitur.
1538 1459 1636 1499 415.
1654 1459 1688 1489 1.

1040 1501 1195 1549 Cloelii,
1221 1501 1486 1543 AlbaRomam
1507 1503 1688 1543 translati.

1094 1570 1265 1620 499.11
1285 1559 1412 1598 Cloel'
1404 1560 1429 1597 1i
1446 1560 1619 1611 agrariae
1635 1560 1689 1598 le-

1093 1629 1152 1666 gas
1219 1614 1404 1653 lationem
1455 1615 1687 1665 impediunt.

1089 1681 1210 1710 2100.
1240 1676 1275 1717 8.
1321 1682 1448 1720 eoque
1476 1671 1640 1709 nomine
1667 1684 1691 1710 a

1095 1725 1212 1776 plebe
1230 1725 1453 1766 multantur.
1483 1738 1605 1767 2101.
1623 1737 1685 1778 15.

1038 1780 1230 1820 Gracchus
1251 1781 1435 1828 Cloelius,
1458 1785 1686 1833 Aequorum

1091 1837 1311 1888 imperator.
1334 1840 1454 1887 2046.
1476 1849 1514 1888 7.
1560 1837 1686 1889 super-

1091 1892 1184 1931 bum
1203 1904 1243 1930 et
1261 1890 1560 1945 ignominiosum
1580 1895 1686 1946 lega·

1091 1950 1137 1987 tis
1160 1950 1343 1989 Romanis
1360 1946 1581 2000 responsum
1606 1950 1682 1989 dat.

1090 2016 1298 2057 2047.12.
1339 2004 1478 2043 callide
1498 2009 1602 2045 Rom
1624 2018 1684 2044 co-

1087 2061 1169 2111 pias
1196 2060 1464 2098 c·1·cumuenit.
1494 2072 1614 2111 2049.
1641 2072 1680 2101 2.

1091 2115 1265 2154 vincitur.
1286 2126 1406 2166 2053.
1432 2126 1491 2165 15.
1532 2127 1682 2155 catena-

1086 2181 1144 2210 tus
1194 2172 1236 2209 in
1286 2168 1478 2220 triumpho
1515 2170 1681 2213 ducitur.

1509 2238 1629 2280 2055·
1642 2239 1678 2279 3·

1032 2284 1082 2334 Q
1105 2280 1281 2322 Cloelius
1298 2281 1446 2321 Siculus
1465 2279 1604 2331 consul,
1626 2283 1678 2322 ob

1081 2349 1232 2375 morum
1256 2338 1457 2376 lenitatem
1477 2337 1592 2376 rebus
1611 2338 1679 2378 do-

1079 2392 1241 2431 mesticis
1252 2392 1555 2433 administrandis
1568 2407 1677 2444 prae·

1078 2445 1211 2485 ficitur.
1234 2451 1325 2500 986.
1350 2454 1383 2495 8.
1410 2461 1524 2500 1017.
1539 2457 1574 2497 3.
1596 2450 1675 2489 eiu-

1077 2514 1158 2541 rato
1178 2503 1377 2542 consulatu
1397 2506 1579 2557 Largium
1598 2506 1676 2544 vel-

1081 2570 1122 2597 ut
1161 2561 1332 2598 interrex
1369 2558 1589 2600 diastolem
1618 2562 1676 2599 di·

1077 2616 1138 2657 cir.
1167 2627 1280 2658 1021.
1299 2627 1336 2656 2.
1375 2616 1569 2669 copiarum
1588 2629 1672 2666 par-

1588 2682 1670 2712 tem
