1751 3154
807 112 1195 156 INDEX

318 224 552 269 Debitorum
599 235 761 276 corpora
798 223 840 264 in
883 237 970 264 ner-

374 295 465 321 vum
484 280 733 320 abducuntur.
754 291 846 332 970.
858 294 896 333 4.
918 280 968 318 ob

374 337 521 379 Debita
560 339 601 375 in
638 349 803 376 neruum
828 336 969 375 abduci

377 394 505 432 ciuem
530 403 629 431 vetat
641 393 803 433 Tullius.
825 395 915 445 658.
928 404 967 444 4.

373 449 425 488 ob
454 448 597 488 Debita
624 449 728 488 nexi.
758 454 872 496 1008.
903 449 966 490 vlt.

375 504 427 544 ob
446 505 588 545 Debita
605 506 697 544 nexi
714 501 774 543 sua
798 502 966 556 ipsorum

373 560 481 600 bona
506 560 816 600 foeneratoribus
837 561 966 599 colere

372 616 620 670 cogebantur.
644 628 759 659 1222.
775 628 807 657 1.
831 615 880 655 ob
902 616 966 654 de-

372 671 455 712 bita
487 675 526 712 iu
558 672 783 713 seruitutem
816 671 968 711 abduci·

372 738 435 768 tur
452 730 564 768 miles
583 730 762 770 emeritus
774 741 860 767 cum
874 728 968 767 duo-

371 784 444 824 bus
470 784 567 825 filiis.
799 797 914 838 1099.
928 796 965 824 2.

314 841 521 885 Decembr,
541 839 711 881 calendis
732 853 794 878 ara
812 852 850 880 et
869 839 968 880 sacta

370 900 563 938 Fortunae
583 895 767 934 muliebri
788 896 894 943 facia,
924 896 966 935 in

369 954 597 992 memoriam
628 951 774 990 exorati
793 964 841 990 eo
863 951 926 990 die
944 965 967 990 a

367 1010 557 1047 matronis
577 1007 726 1049 Marcii.
761 1009 877 1060 1638.
903 1019 965 1048 10.

367 1066 449 1104 1111.
476 1064 562 1102 idus
587 1061 827 1102 Decembres
851 1063 966 1101 creati

363 1121 479 1172 primi
512 1119 660 1158 tribuni
693 1118 820 1169 plebis
841 1147 851 1165 ‚
906 1119 966 1156 iti-

364 1175 541 1227 demque
590 1174 778 1225 deinceps
811 1175 965 1214 caeteri.

365 1234 526 1285 12464.
547 1231 640 1270 idib.
653 1230 964 1272 Decemb2·.c0n-

362 1285 502 1327 sulatus
521 1289 653 1327 initur.
762 1298 883 1340 2307·
901 1298 961 1328 10.

307 1344 536 1386 Decemuiri
557 1342 732 1382 finiendo
752 1353 791 1384 et
809 1339 962 1394 dispen-

360 1399 479 1439 sando
491 1413 584 1451 agro
597 1399 766 1451 publico.
775 1404 890 1452 1694.
899 1410 958 1439 10.

363 1456 414 1494 de
439 1457 683 1496 Decemuiris
714 1455 850 1508 legum
878 1452 960 1493 sei-i-

358 1511 576 1550 bendarum
612 1511 786 1550 creandis
822 1513 885 1551 lex
911 1509 959 1549 ad

362 1568 557 1620 populum
583 1565 703 1606 fertur
729 1581 750 1606 a
779 1567 956 1605 tribunis.

365 1630 484 1678 1989.
504 1627 541 1665 6.
595 1623 852 1663 Decemuiros
875 1622 959 1673 qui-

357 1679 431 1718 bus
488 1677 780 1717 conditionibus
838 1678 956 1717 creari

358 1732 513 1774 suaserit
543 1735 711 1786 Appius.
757 1745 880 1786 2140.
921 1745 955 1774 1.

354 1791 584 1830 Decemuit·i
609 1789 765 1842 legibus
782 1787 957 1829 ferendis

359 1857 539 1887 creantur
560 1874 569 1893 ,
614 1846 766 1885 abolitis
801 1846 956 1884 interim

360 1903 522 1942 caeteris
533 1901 822 1955 magistratibus.
833 1914 858 1942 2
866 1912 953 1954 141.

354 1971 420 2002 10.
444 1958 669 1998 Decemuiri
681 1958 841 2008 quando
855 1970 955 1996 crea-

355 2015 415 2063 ti,
455 2025 494 2055 et
524 2015 632 2067 leges
661 2024 698 2052 vt
726 2010 955 2065 conscripse·

355 2072 446 2110 rint.
458 2082 548 2122 295.
561 2082 598 2121 9.
619 2068 816 2121 quomodo
833 2081 953 2119 remp.

353 2128 482 2177 primo
516 2138 621 2164 anno
643 2124 954 2164 administrat-int.

354 2193 476 2232 2142.
501 2188 534 2230 8.
576 2193 693 2232 quem
712 2181 866 2233 imperii
885 2191 959 2220 ter-

354 2237 505 2275 minum
525 2237 758 2287 acceperint.
780 2247 948 2289 2143.4.

349 2293 488 2332 iterum
512 2305 638 2330 rerum
656 2289 824 2331 summae
844 2304 950 2341 prae-

351 2347 545 2386 ficiuntur.
568 2350 687 2399 2146.
704 2358 739 2387 2.
758 2357 946 2398 2147.11.

351 2404 455 2443 inter
476 2401 513 2442 se
537 2400 763 2452 conspirant.
786 2408 946 2454 2149.8.

354 2472 379 2500 e
398 2459 566 2512 patriciis
586 2469 744 2508 quoque
761 2469 841 2495 non
857 2469 947 2507 pau-

353 2528 429 2564 cos,
449 2527 523 2554 nec
545 2511 733 2560 obscuros,
752 2509 806 2550 sui
827 2511 947 2550 domi-

353 2582 468 2611 natus
518 2567 787 2609 nanciscuntur
826 2566 946 2606 fauto-

350 2639 422 2671 res.
448 2638 568 2684 2152.
591 2631 629 2676 8.
669 2623 860 2682 'licentius
879 2624 943 2663 do·

1081 224 1287 265 minantur.
1307 238 1430 280 2152.
1453 237 1515 279 13.
1530 222 1678 267 'iudicia

1080 281 1206 332 qualia
1226 284 1479 321 exercuerint.
1501 294 1619 335 2153.
1635 294 1672 335 3.

1081 337 1239 376 tertium
1265 351 1410 378 annum
1430 339 1472 376 in
1487 337 1677 391 magistra·

1079 402 1118 431 tu
1143 405 1383 443 permanent.
1404 406 1574 446 2155.2.
1595 393 1676 444 qui-

1077 448 1148 487 bus
1187 447 1304 488 rebus
1331 451 1536 502 imperium
1564 446 1674 488 suum

1075 515 1114 543 et
1144 505 1312 556 patriciis
1342 517 1381 544 et
1402 505 1563 557 plebeiis
1583 517 1675 544 exo-

1078 558 1160 600 sum
1187 559 1361 601 fecerint.
1391 566 1510 604 2160.
1539 572 1575 603 1.
1621 559 1673 599 ob

1078 629 1178 668 quae
1218 617 1379 656 crimina
1415 617 1517 656 male
1546 616 1675 656 audie·

1074 674 1163 712 rint.
1188 679 1309 720 2181.
1334 686 1395 724 15.
1433 673 1674 712 tribunitiam

1077 728 1303 781 potestatem
1333 730 1528 768 intentant
1558 727 1674 769 refra-

1075 785 1184 837 ganti
1226 786 1397 824 Horatio.
1446 796 1568 838 2172.
1609 794 1672 835 14.

1079 840 1295 894 grauiffime
1313 837 1535 880 incusantur
1553 854 1575 879 a
1588 840 1674 881 vir-

1076 897 1199 949 ginio.
1220 908 1340 949 2259.
1362 909 1423 948 14.
1445 894 1673 949 deseruntur

1076 967 1098 991 a
1130 951 1202 991 suis
1227 953 1425 992 militibus.
1454 955 1574 1002 2268.
1609 963 1670 1004 14.

1074 1008 1214 1058 partim
1244 1018 1387 1055 morte,
1425 1009 1563 1059 partim
1581 1007 1673 1047 exli-

1075 1064 1130 1102 lio
1177 1077 1332 1116 poenas
1370 1065 1494 1105 luunt.
1544 1075 1667 1116 2274.

1203 1176 1211 1183 ,
1437 1176 1445 1184 ,
1518 1133 1579 1173 14-
1591 1118 1672 1171 sqq»

1019 1178 1316 1216 nmmum-atus
1344 1175 1511 1215 ambitur
1535 1176 1582 1215 ab
1603 1175 1673 1214 ho·

1073 1231 1311 1271 noratiffimis
1350 1243 1391 1271 et
1426 1242 1518 1271 natu
1551 1231 1672 1270 maxi·

1070 1288 1142 1325 mis
1164 1287 1341 1338 patribus.
1370 1291 1491 1341 2146.
1513 1287 1578 1326 vlt.
1619 1285 1670 1325 ad

1070 1344 1391 1382 Decemuiratum
1411 1355 1434 1381 e
1448 1343 1567 1395 plebe
1578 1353 1671 1393 quoq

1070 1411 1149 1450 que
1196 1399 1322 1439 alleffi
1365 1411 1441 1438 tres
1480 1398 1667 1451 collegae.

1068 1460 1189 1508 2148.
1212 1469 1249 1507 4.
1279 1455 1575 1496 Decemuiratus
1595 1465 1669 1493 ter-

1071 1513 1125 1550 tio
1148 1524 1255 1549 anno
1272 1510 1491 1564 abrogatus.
1504 1512 1666 1563 21563.

1068 1567 1340 1607 Decemuirale
1380 1567 1587 1619 imperium
1623 1566 1668 1605 in

1068 1623 1310 1675 interregno,
1496 1633 1588 1675 357.
1603 1632 1667 1663 10.

1013 1678 1202 1718 Decimae
1231 1687 1492 1730 prouentuum
1521 1689 1668 1717 vouen·

1069 1745 1130 1773 tur
1156 1734 1240 1773 diis.
1277 1737 1342 1776 61.
1370 1735 1434 1773 vlt.
1496 1732 1666 1772 decimas

1064 1787 1241 1841 Delphos
1260 1790 1418 1828 mittunt
1428 1788 1585 1842 Pelasgi.
1598 1800 1663 1841 49.

1068 1857 1104 1897 5.
1135 1857 1197 1897 51.
1220 1857 1257 1898 ς.
1311 1847 1497 1885 Decimae
1523 1845 1666 1896 spolio-

1065 1913 1150 1940 rum
1174 1900 1221 1939 ab
1241 1902 1415 1942 Hercule
1433 1900 1505 1939 diis
1524 1897 1665 1952 persoi-

1063 1966 1219 1996 vuntur.
1247 1968 1336 1998 111.
1354 1969 1393 1998 2.
1445 1968 1469 1994 e
1487 1955 1663 1997 Decimis

1067 2012 1235 2064 praedae
1258 2013 1447 2064 templum
1459 2012 1541 2051 loui
1559 2010 1665 2050 aedi·

1065 2066 1212 2107 ficatur.
1400 2076 1403 2077 ’
1515 2069 1610 2118 766.
1626 2077 1660 2108 Ι.

1010 2124 1231 2166 Decimatio
1258 2122 1495 2162 contumacis
1517 2122 1662 2160 exerci-

1064 2191 1135 2218 tus.
1457 2182 1574 2225 1880.
1587 2176 1656 2216 vlt.

1009 2235 1064 2275 M.
1085 2233 1230 2273 Decius
1249 2244 1336 2272 cum
1355 2233 1460 2272 Icilio
1485 2244 1523 2271 et
1541 2235 1659 2271 Bruto

1060 2289 1109 2328 ad
1138 2288 1252 2327 fidem
1278 2287 1386 2339 plebi
1404 2302 1426 2326 a
1443 2285 1578 2328 senatu
1598 2300 1658 2333 ac-

1061 2344 1284 2395 cipiendam
1299 2344 1472 2383 mittitur.
1497 2355 1610 2396 1245.
1620 2356 1657 2396 ς.

1059 2397 1238 2453 pei-miffa
1256 2397 1471 2438 consulibus
1492 2396 1657 2438 senatus-

1059 2453 1221 2494 consulti
1243 2455 1449 2508 potestate,
1485 2466 1584 2506 quae
1604 2455 1658 2494 vi·

1059 2511 1177 2550 ciffim
1231 2525 1253 2550 a
1298 2507 1430 2550 senatu
1478 2510 1650 2562 petierit.

1059 2577 1176 2620 1397.
1188 2569 1223 2609 6.
1251 2569 1465 2620 1398.1.6.
1502 2565 1653 2604 iuueni·

1059 2622 1106 2664 lis
1140 2624 1386 2679 arrogantiae
1425 2632 1465 2662 et
1482 2621 1653 2673 ‚impeti-

1577 2686 1653 2719 ttae
