1751 3154
547 159 958 214 RERVM.

137 274 327 316 iubentur.
355 279 475 326 2098.
507 285 567 325 ¹3·
614 272 731 326 Legis

137 329 365 371 sanciendae
386 340 426 369 et
445 328 652 368 irritandae
672 331 728 368 ius

81 406 85 410 ·
134 398 257 440 penes
268 385 434 438 plebem.
447 385 728 437 264.vlt.1865.

138 443 203 482 vlt.
225 445 302 481 Lex
320 438 534 481 inconsulto
557 438 688 479 senatu
707 452 728 478 a

134 496 346 550 plebelata.
370 509 556 549 133214.
571 506 726 548 14229.

131 559 261 607 Leges
298 553 448 592 tributis
487 553 650 591 comitiis
677 551 729 589 la-

81 632 85 637 -
138 620 203 649 tae
223 640 232 658 ,
280 619 542 661 exaequantur
574 606 726 660 legibus

138 667 353 704 centuriato
401 667 580 704 comitatu
631 663 726 701 latis.

133 732 255 774 2273.
281 733 339 773 14.
365 722 490 773 Leges
507 718 728 758 centuriatis

139 778 306 817 comitiis
325 778 438 827 latae,
458 775 558 815 solae
576 789 597 813 a
616 774 728 825 patri-

136 834 205 872 ciis
236 835 328 873 olim
356 844 457 872 ratae
473 830 728 870 habebantur.

139 900 260 942 2274.
273 901 310 939 7.
328 892 451 941 Leges
467 886 664 928 aRomulo
681 887 727 924 la-

141 951 215 985 t‘ae.
237 952 328 999 284.
350 956 411 996 15.
455 949 579 996 Leges
597 942 731 993 negle-

139 1001 220 1041 &ae
250 1002 289 1039 in
318 997 421 1039 vsum
446 1010 678 1038 reuocantur
709 1011 732 1036 a

137 1057 283 1097 Tullio.
302 1058 396 1098 661.
421 1067 454 1097 1.
474 1060 597 1108 Leges
609 1052 734 1094 Seruii

138 1113 273 1154 Tullii.
291 1113 384 1161 663.
405 1123 443 1164 7.
490 1113 615 1162 Leges
633 1110 735 1148 tollit

141 1168 383 1219 Tarquinius
408 1167 613 1218 Superbus.
639 1177 734 1218 749.

142 1236 205 1278 15.
239 1226 321 1263 Lex
341 1223 391 1261 de
412 1222 623 1261 connubio.
643 1229 736 1272 287.

144 1293 208 1323 12.
232 1292 292 1331 15.
337 1281 417 1317 Lex
444 1279 494 1317 de
512 1280 595 1317 iure
619 1279 732 1329 patris

1 1355 4 1385 ς
139 1337 184 1375 in
212 1334 320 1374 filios.
360 1347 451 1387 291.
479 1346 517 1387 9.
555 1346 646 1386 292.
671 1345 734 1374 10.

1 1392 4 1414 ³
88 1416 90 1419 v
138 1393 221 1432 Lex
240 1390 289 1430 de
309 1389 374 1429 filii
388 1390 627 1429 venditione.
642 1401 735 1442 293.

148 1461 209 1500 15.
230 1460 320 1501 295.
345 1458 406 1498 14.
450 1451 531 1488 Lex
550 1445 600 1484 de
619 1447 733 1498 trige-

143 1504 269 1542 minis.
292 1513 386 1554 470.
410 1513 468 1555 13.
499 1505 559 1545 16.
585 1504 665 1541 Lex
685 1500 736 1539 de

141 1557 397 1611 suppofititiis,
409 1570 528 1609 2232.
541 1570 576 1610 3.
596 1561 673 1597 Lex
687 1556 737 1595 de

146 1613 408 1666 proditoribus
457 1625 496 1653 et
542 1610 740 1652 desertori-

146 1670 227 1710 bus.
246 1682 336 1723 503.
361 1682 396 1710 1.
423 1673 502 1710 Lex
523 1669 573 1708 de
595 1669 653 1718 iis,
676 1669 740 1719 qui

147 1739 172 1766 e
196 1727 371 1765 libertate
390 1727 430 1764 in
449 1724 673 1765 seruitutem
691 1720 740 1763 as-

148 1781 338 1822 seruntur.
359 1794 556 1835 223410.
579 1793 741 1833 22372.

146 1843 229 1880 Lex
246 1838 400 1878 Valeria
419 1837 574 1888 duplex.
595 1843 687 1890 890.
705 1842 741 1883 g.

147 1897 227 1935 Lex
264 1893 315 1932 de
351 1891 613 1932 aedificiorum
650 1893 743 1931 iure.

150 1951 317 2001 2075.6.
339 1951 416 1988 Lex
437 1948 488 1987 de
505 1946 744 1987 aedificando

99 2030 101 2032 -
149 2005 351 2046 Auentino
377 2005 599 2043 centuriatis
628 2004 745 2041 comi-

152 2063 214 2101 tiis
233 2059 404 2107 sancitur,
423 2060 601 2099 adhibitis
618 2058 746 2111 ponti·

102 2163 107 2165 ‚
150 2116 297 2164 ficibus,
317 2117 538 2169 auguribus,
555 2114 747 2159 sacrificis3

155 2184 195 2212 et
215 2174 256 2211 in
275 2185 436 2211 aeneam
450 2174 669 2212 columnam
688 2171 747 2209 in-

158 2229 308 2267 ciditur.
326 2231 447 2280 2076.
466 2242 504 2282 4.
550 2231 630 2268 Lex
649 2224 750 2265 sacra

159 2283 208 2322 de
227 2285 308 2323 iure
325 2285 470 2323 tribuni
486 2284 750 2337 plebis.2074.

159 2339 225 2378 vlt.
255 2350 373 2382 2101.
393 2342 457 2380 vlt.
504 2337 629 2388 (sacra
647 2351 749 2386 vei-0,

162 2393 226 2434 seu
249 2391 394 2442 sacrata,
424 2395 632 2443 dicebatur,
663 2395 753 2446 quia

160 2450 400 2490 tribunorum
425 2451 682 2503 magistratum
703 2447 753 2488 sa-

165 2503 442 2545 crumsanetum
479 2518 517 2545 et
553 2506 739 2545 inuiolabi

162 2564 242 2600 lem
254 2558 548 2614 ess‘eiubebatpz
566 2573 679 2615 1247.
692 2530 756 2615 45
810 2563 1059 2603 Libaminum
1080 2558 1174 2600 vasa.

836 270 1031 326 hunorum
1044 273 1217 313 comitiis
1234 281 1351 326 1854.
1367 285 1429 317 10-

842 330 958 376 1862.
979 328 1041 366 vlt.
1065 330 1180 381 1863.
1196 341 1235 381 4.
1282 333 1363 370 Lex
1380 329 1432 370 de

836 383 1069 423 decemuiris
1105 385 1280 424 creandis
1318 401 1340 425 a
1371 387 1432 425 tri-

838 437 955 477 bunis
1003 437 1052 477 ad
1095 439 1252 490 plebem
1297 441 1429 481 fertur.

842 502 960 548 1989.
986 497 1036 536 6.'
1051 495 1178 547 Leges
1198 498 1235 534 in
1257 494 1368 535 sacris
1385 499 1433 536 li-

840 549 919 589 bris
960 549 1151 601 quaedam
1178 552 1433 593 contineban-

834 617 904 654 tur,
925 604 988 645 sed
1006 618 1163 657 paucae.
1180 615 1294 659 1983.
1311 620 1342 649 1.
1363 611 1434 647 Le-

839 676 933 716 gum
955 672 994 700 et
1008 662 1097 700 iuris
1116 663 1291 715 cognitio
1310 677 1434 714 penes

836 719 1015 771 patricios
1036 728 1128 757 erat.
1152 725 1268 770 1983.
1289 731 1325 771 3.
1364 723 1435 759 Le-

839 787 908 828 ges
939 785 978 812 et
1003 787 1083 812 lura
1113 787 1154 812 in
1172 787 1294 825 remp.
1316 785 1439 813 intro-

839 832 983 870 ducere
1003 832 1149 881 primus
1169 827 1366 883 aggrefl'us
1382 829 1437 869 est

844 888 890 927 C.
903 887 1125 935 Terentius,
1144 887 1228 925 trib.
1242 886 1294 936 pl.
1317 892 1436 939 1983.

840 955 933 995 pen.
961 941 1130 994 Legibus
1149 939 1438 980 conscribendis

842 999 1090 1038 decemuiros
1129 1011 1151 1036 a
1189 996 1306 1049 plebe
1345 997 1439 1036 desi-

844 1054 952 1108 gnari
964 1051 1157 1105 postulant
1167 1053 1436 1106 tribuni.1989.

848 1123 910 1153 10.
939 1111 1064 1161 Leges
1085 1123 1106 1147 a
1125 1110 1283 1149 Graecis
1300 1124 1369 1161 per
1386 1110 1441 1147 le-

848 1176 957 1219 gatos
976 1167 1295 1216 petuntRomani.
1315 1170 1438 1212 2123.

849 1229 884 1269 g.
904 1232 1099 1272 2130.10.
1149 1221 1441 1273 Legumlatores

843 1287 1065 1316 centuriatis
1077 1288 1241 1315 commis
1253 1288 1440 1317 creantur.

843 1348 868 1376 2
878 1345 963 1385 141.
974 1343 1033 1374 10.
1044 1336 1167 1385 Leges
1180 1344 1387 1383 antequam
1399 1331 1443 1370 in

843 1388 986 1428 tabulas
1010 1386 1248 1437 referantur,
1283 1388 1442 1439 publico

842 1445 1034 1484 bonorum
1069 1446 1235 1483 virorum
1271 1443 1444 1484 examini

848 1499 1112 1541 subiiciuntur.
1124 1513 1243 1554 2144.
1257 1513 1345 1552 pen.
1372 1499 1446 1538 Le-

850 1570 943 1611 gum
957 1555 1110 1595 tabulae
1121 1557 1268 1603 decem,
1295 1559 1446 1596 eGrae-

852 1626 985 1652 corum
1002 1612 1156 1664 legibus
1167 1613 1341 1664 etpatriis
1354 1624 1445 1650 con-

850 1667 1120 1708 suetudinibus
1143 1667 1336 1715 collectae,
1358 1680 1447 1707 cen-

852 1721 1076 1775 turiatisque
1095 1724 1268 1770 comitiis,
1288 1725 1328 1762 in
1350 1735 1446 1774 pon-

850 1780 1013 1827 tificum,
1052 1793 1244 1834 augurum
1256 1788 1260 1789 ’
1272 1791 1311 1820 et
1328 1780 1446 1818 totius

854 1835 1093 1876 sacerdotum
1140 1836 1294 1888 collegii
1340 1847 1448 1887 prae-

853 1890 973 1932 sentia
992 1891 1259 1938 confirmatae,
1292 1892 1332 1930 in
1353 1889 1449 1929 emi-

854 1948 1073 1988 nemiffimo
1092 1947 1164 1986 fori
1185 1948 1270 1985 loco
1290 1947 1450 1999 erigun-

855 2015 927 2043 tur.
947 2016 1066 2058 2144.
1090 2015 1150 2045 12.
1168 2029 1224 2035 --
1243 2013 1361 2055 2145.
1386 2013 1448 2050 13.

855 2065 1009 2110 Legum
1036 2059 1187 2098 tabulae
1210 2057 1311 2096 duae
1329 2057 1377 2096 ad
1395 2053 1451 2095 su-

853 2116 1026 2167 periores
1043 2127 1078 2153 x.
1100 2114 1263 2153 additae.
1282 2115 1451 2166 21546.

855 2174 1002 2222 Legum
1024 2170 1178 2209 tabulae
1197 2169 1405 2208 duodecim
1427 2181 1450 2206 a

859 2226 1088 2265 decemuiris
1106 2223 1345 2277 conscriptae
1358 2223 1450 2264 etin

858 2281 946 2323 foro
966 2281 1187 2333 propositae.
1207 2294 1299 2335 295.
1319 2283 1355 2323 6.
1376 2283 1453 2319 Le·

863 2351 931 2391 ges
958 2351 1028 2377 ΧΠ.
1051 2337 1264 2376 tabularum
1286 2334 1455 2390 grauiffi-

858 2407 955 2433 mae.
983 2405 1099 2445 2272.
1124 2405 1184 2436 11.
1238 2395 1387 2445 Legum
1416 2399 1457 2429 et

863 2451 954 2489 iuris
981 2448 1145 2488 custodia
1163 2461 1285 2502 penes
1307 2459 1455 2500 regem.

1264 2507 1357 2554 264.
1374 2515 1405 2544 1.
1419 2513 1454 2552 3.

1287 2558 1456 2611 283.vlt.

165 2622 245 2659 Lex
276 2618 326 2656 de
354 2617 502 2657 tribuni
522 2620 756 2657 concionan-
810 2620 970 2661 Libera:
1001 2630 1141 2669 quaere
1163 2612 1400 2667 Proserpina-

167 2674 211 2716 tis
230 2674 324 2718 iure.
347 2686 460 2731 1353.
474 2686 508 2728 3-
527 2679 605 2723 Lex
626 2674 675 2715 de
689 2675 755 2715 tri·
810 2675 1001 2716 Liberalia
1019 2673 1163 2715 Athen.

1288 2682 1406 2725 1500.
1418 2679 1456 2720 7.

919 2734 953 2785 Y
967 2745 985 2772 v
1016 2743 1042 2774 2
1349 2725 1418 2769 Lib
1424 2737 1461 2779 εξ
