1751 3154
553 104 965 148 RERVM.

128 216 318 260 diffundet
359 213 724 257 senatusconsultum

129 275 180 316 de
217 274 384 326 patriciis
413 274 547 325 populi
577 274 722 313 iudicio

131 329 406 371 submittendis.
433 333 548 382 1416.
567 342 605 381 7.
638 325 723 370 Cas-

127 386 182 426 fio
206 386 246 424 in
267 398 310 424 re
329 387 473 439 agraria
491 382 722 424 aduersatu‘r.

132 447 251 494 1679.
284 453 318 493 5.
378 441 428 481 de
454 442 545 495 lege
572 441 720 494 agraria

127 510 231 549 quae
251 498 366 536 verba
385 496 529 537 fecerit.
553 501 666 548 1685.
681 508 718 547 3.

126 567 151 592 a
191 555 397 605 prudentia
435 566 474 593 et
509 551 718 592 constantia

126 609 316 649 laudatur.
342 612 456 659 1683.
490 613 525 651 6.
547 609 596 647 de
619 607 718 647 sran-

126 667 259 719 genda
279 666 521 704 tribunorum
542 664 718 715 potentia

123 722 232 774 quod
297 720 471 764 dederit,
505 719 717 762 confilium.

128 789 246 830 1740-
271 790 330 818 12.
376 788 494 828 2070.
515 787 551 817 2.
611 781 716 827 App.

123 833 280 873 Claudii
292 832 388 872 filius
400 829 631 871 consulatum
642 845 717 870 am-

124 888 211 928 bire
232 889 386 928 iubetur
404 888 573 939 apati-ib.
598 899 715 939 1732.

125 949 162 988 6.
197 950 296 997 App.
319 944 513 992 Claudius,
537 945 654 996 Appii
676 942 756 990 fi.)

123 1001 212 1049 lius,
241 998 374 1040 absens
394 1011 434 1038 et
453 1001 594 1039 inuitus
617 1013 716 1039 crea-

121 1067 184 1096 tur
210 1053 309 1096 cons.
345 1063 461 1107 1858.
497 1070 554 1098 10.
610 1062 712 1107 App.

121 1113 306 1155 Claudius
342 1114 550 1151 violentam
580 1124 714 1150 contra

122 1169 365 1208 tribunorum
405 1168 714 1207 machinationes

121 1224 217 1264 dicit
249 1222 487 1263 sententiam.
531 1227 647 1272 1861-
674 1226 712 1266 6.

119 1278 252 1332 aspera
289 1291 327 1320 et
359 1277 515 1329 superba
543 1282 715 1331 increpa-

120 1338 230 1374 tione
252 1335 409 1387 plebem
424 1335 640 1388 gtauiffime
651 1349 715 1375 ex-

120 1391 283 1431 acerbat.
308 1396 420 1442 ¹863·
436 1405 527 1443 pen.
555 1405 574 1430 a
592 1392 716 1433 C.Le-

121 1449 258 1493 clorio,
291 1448 375 1486 trib.
398 1449 448 1498 pl.
472 1449 639 1500 grauiter
658 1460 715 1486 re-

118 1503 385 1556 prehenditur.
424 1510 540 1553 12371.
577 1517 614 1545 2.
671 1505 715 1543 in

121 1560 227 1601 bello
240 1556 377 1598 Volsco
398 1572 579 1611 magnam
600 1573 714 1611 expe-

120 1616 214 1655 ritur
250 1615 382 1654 militis
419 1617 712 1654 contumaciam.

121 1677 238 1722 1878.
265 1683 323 1722 13.
363 1671 489 1723 rigide
509 1672 548 1709 in
571 1672 712 1710 milites

117 1738 361 1767 contumaces
424 1727 712 1767 animaduertit.

123 1789 240 1830 1880.
263 1794 298 1833 5.
338 1789 436 1834 App.
455 1783 640 1823 Claudius
663 1784 713 1822 de

120 1840 203 1891 agri
231 1839 372 1889 publici
391 1838 582 1877 diuisione
599 1853 713 1890 quam

119 1891 350 1933 sententiam
370 1895 516 1934 dixerit.
542 1901 656 1946 1885.
675 1907 715 1947 7,

121 1965 143 1990 a
183 1951 268 1988 trib.
306 1951 356 2002 pl.
389 1951 428 1989 in
458 1951 588 2001 populi
619 1951 715 1989 iudi-

118 2007 221 2045 cium
241 2019 407 2044 vocatur.
433 2012 549 2059 1893.
573 2018 606 2057 3.
637 2019 715 2044 mo·

116 2063 221 2102 titur.
251 2069 366 2114 1894.
392 2073 449 2102 10.
491 2063 715 2112 Appslau-

120 2119 226 2163 dius,
266 2120 310 2159 C.
338 2116 494 2158 Claudii
525 2132 568 2157 ex
599 2117 715 2156 fratre

112 2186 248 2223 nepos.
269 2180 388 2224 2178.
412 2175 473 2212 vlt.
502 2170 628 2212 consul
651 2175 715 2212 de-

117 2228 425 2281 figtiatu1·.2136
459 2242 496 2282 9.
528 2231 617 2267 noni
638 2243 714 2269 ma-

120 2284 293 2337 gistratus
325 2285 513 2325 defiderio
542 2286 715 2325 incendi-

122 2351 194 2378 tur.
218 2353 335 2393 2137.
361 2353 420 2382 12.
471 2342 714 2381 decemuiros

119 2397 273 2447 legibus
303 2397 478 2436 ferundis
499 2399 616 2436 creari
639 2397 714 2436 sua-

120 2452 199 2491 det.
227 2465 347 2505 2¹40·
379 2465 407 2492 1.
462 2467 530 2504 pro
555 2450 715 2492 consule

124 2520 274 2546 creatur
294 2509 497 2546 decemuir.
519 2521 637 2560 2141.
654 2523 667 2550 ι
681 2522 714 2551 1.

124 2565 240 2602 totius
276 2564 558 2602 decemuiratus
582 2565 714 2603 laudes

121 2617 220 2660 solus
235 2632 412 2671 reportat.
429 2625 712 2674 2144.6.2147.

68 2683 193 2717 mon.
205 2689 304 2717 um..
320 2689 421 2719 vot..
434 2678 500 2719 Vt.

839 227 874 258 1.
893 215 1034 255 iterum
1054 227 1204 258 creatur
1219 214 1433 268 decemuir,

830 270 922 310 suae
937 270 1113 312 factionis
1129 273 1351 315 hominibus
1362 275 1434 320 sibi

833 325 994 366 adscitis.
1017 339 1136 382 2147.
1171 342 1231 372 11.
1259 344 1381 384 2149.
1392 344 1432 374 2.

834 393 875 423 et
893 385 930 424 6.
960 385 1117 423 tertium
1135 399 1281 425 annum
1301 387 1341 426 in
1360 388 1433 427 de-

831 440 1043 478 cemuiratu
1063 453 1278 491 permanet,
1306 455 1429 495 2155,

830 508 868 548 3.
913 495 960 534 ad
985 492 1157 535 senatum
1180 496 1229 535 de
1247 497 1352 537 bello
1370 512 1431 538 re-

825 550 918 591 fert.
937 556 1059 594 2166.
1086 554 1121 592 6.
1166 552 1294 591 turbas
1313 554 1353 592 in
1377 553 1430 594 se-

829 619 922 646 natu
944 609 1157 659 componit.
1179 620 1287 660 2172
1312 621 1347 649 2.
1379 610 1427 650 ad

825 664 951 714 patrui
973 665 1120 702 monita
1141 663 1427 715 nili-espondet.

824 727 947 771 2191.
971 731 1010 771 7.
1064 717 1214 759 senatus
1235 720 1429 762 dissidium

828 787 868 814 vt
896 789 966 826 pro
993 773 1031 815 se
1058 787 1098 814 et
1124 772 1198 814 suis
1228 776 1425 816 deciderit.

827 839 948 880 2208.
969 834 1006 874 6.
1047 844 1132 870 curn
1154 833 1215 882 Sp.
1235 834 1369 884 Oppio
1387 843 1427 872 et

826 887 976 926 duabus
1033 888 1257 940 legionibus
1324 888 1425 928 vrbis

829 943 1019 995 praefidio
1042 945 1204 983 relictus.
1240 957 1362 995 2214.
1381 956 1423 985 2.

825 1001 1030 1052 virginiae
1061 997 1195 1038 insano
1215 1013 1348 1039 amore
1369 1013 1426 1040 ca-

827 1056 942 1107 pitur.
978 1063 1098 1103 2228.
1127 1067 1164 1095 2.
1223 1057 1426 1108 Virginiae

828 1109 991 1151 cauffam
1015 1111 1213 1162 quomodo
1234 1112 1423 1151 iudicarit.

826 1178 947 1218 2237.
980 1180 1005 1207 2
1066 1180 1198 1206 amore
1230 1169 1352 1220 magis
1382 1179 1426 1207 ac

821 1224 944 1275 magis
977 1222 1178 1262 exaestuat.
1214 1228 1333 1274 2246.
1362 1235 1425 1266 11.

827 1280 1038 1317 violentam
1069 1278 1118 1318 de
1140 1279 1319 1330 vii-ginia
1340 1291 1426 1330 pro-

824 1335 985 1373 nunciat
1018 1331 1259 1373 sententiam.
1300 1348 1424 1385 2250.

832 1402 850 1432 1
862 1402 890 1431 1.
906 1402 949 1435 er
960 1391 1097 1430 amoris
1112 1388 1237 1430 fruet·
1251 1392 1426 1443 priuatur

825 1457 864 1486 et
888 1443 1046 1484 aduersa
1061 1447 1261 1497 experitur
1280 1447 1423 1485 omnia.

823 1514 944 1554 2252.
970 1515 1061 1553 pen.
1104 1503 1212 1541 domi
1240 1499 1278 1542 se
1303 1503 1426 1541 conti-

826 1570 903 1597 net.
924 1569 1042 1608 2271.
1057 1572 1091 1610 5.
1113 1560 1154 1597 in
1169 1559 1330 1597 vinculis
1344 1571 1425 1596 mo-

826 1615 933 1652 ritur.
963 1616 1085 1666 2276.
1111 1627 1148 1666 3.
1202 1627 1252 1653 an
1278 1613 1318 1653 se
1343 1611 1425 1666 ipse

823 1669 1077 1720 strangulant.
1245 1676 1366 1718 2282·
1384 1683 1424 1723 4.

773 1726 817 1766 C.
832 1726 1027 1773 Claudius,
1040 1725 1160 1777 Appii
1173 1723 1285 1765 filius.
1301 1729 1424 1775 2068.

825 1795 918 1834 pen.
965 1783 1088 1833 Appii
1117 1781 1328 1820 decemuiri
1356 1796 1424 1833 pa·

823 1848 943 1876 truus
976 1845 1097 1887 2178.
1127 1838 1188 1876 vlt.
1245 1837 1352 1888 quod
1380 1839 1424 1877 in

825 1906 905 1944 rep.
932 1893 1140 1932 institutum
1168 1907 1189 1931 a
1214 1892 1423 1932 maioribus

826 1950 1030 2000 acceperit.
1051 1960 1217 2000 2179.4.
1239 1949 1352 1999 patris
1366 1949 1423 1988 in-

827 2006 996 2044 stitutum
1011 2001 1188 2053 sequitur.
1200 2008 1419 2055 2068.pen.

825 2063 869 2102 C,
910 2059 1098 2099 Claudius
1126 2058 1288 2098 Sabinus
1317 2057 1423 2102 cons.

826 2128 945 2166 2003.
968 2128 1002 2167 5.
1053 2115 1158 2164 plebi
1187 2116 1321 2154 innato
1342 2126 1382 2154 et
1401 2128 1426 2154 a

826 2170 1000 2210 maiorib.
1023 2182 1236 2224 propagato
1257 2171 1346 2210 odio
1368 2172 1427 2210 in·

825 2224 968 2266 sensus.
988 2238 1106 2279 2003.
1132 2239 1193 2277 15.
1223 2227 1274 2267 de
1294 2227 1426 2279 Virgi-

822 2283 878 2322 nii
921 2281 1062 2320 tribuni
1096 2283 1289 2333 postulatis
1322 2294 1425 2333 quae

826 2338 942 2378 verba
964 2337 1106 2376 secet-it.
1128 2349 1248 2389 2013.
1267 2342 1303 2380 6.
1343 2337 1425 2376 line

825 2395 950 2447 plebis
973 2394 1115 2432 auxilio
1137 2396 1175 2432 in
1201 2393 1324 2432 hostes
1343 2405 1425 2431 ren-

826 2451 999 2492 dendum
1023 2448 1162 2487 suadet.
1191 2461 1310 2498 2024.
1331 2460 1423 2499 pen.

825 2519 916 2547 ante
945 2507 1100 2544 moenia
1132 2504 1312 2543 excubias
1333 2504 1424 2556 agit.

820 2575 941 2614 2027.
977 2575 1010 2603 2.
1071 2560 1316 2599 tribunorum
1355 2572 1427 2597 nu·

822 2629 975 2661 merum
1009 2617 1199 2671 duplicari
1229 2612 1426 2656 diffuadet.

883 2678 935 2715 Ss
1299 2673 1425 2722 2068.
