1751 3154
274 114 357 156 DE
384 110 669 155 THVCYD.
703 110 956 152 HISTOR.
978 110 998 151 1
1014 111 1310 156 VDICWM.

1393 123 1483 170 917:

104 223 444 294 συγγξοιφεδς,
488 226 552 291 τῷ
574 222 799 290 συλλόγῳ
826 221 927 274 τότε
943 223 1225 290 παρατυχών
1237 227 1255 283 ,’
1290 223 1366 277 §rs
1392 226 1476 276 τῶν

102 298 384 367 διαθεμένων
405 299 547 356 auva&
569 300 828 356 Ἀθηναίων,
849 296 873 355 ἢ
895 300 1096 356 Μηλίων,
1120 299 1304 358 {ingo-ev,
1343 301 1399 370 ἐξ
1422 299 1494 350 ὦν-

103 375 241 433 adro}
270 380 308 426 ἐν
339 377 394 448 τῇ
425 375 512 445 atq&
544 377 682 432 αὐτῆς
701 372 852 439 βίβλῳ
873 373 972 443 mg>
994 375 1117 425 αύτὲ
1135 375 1338 443 γξοὶφει,
1384 398 1476 442 μα.

103 519 170 547 me
187 504 303 545 fuerit
322 507 515 560 particeps
536 503 799 558 Thucydides,
830 516 921 545 curn
938 516 1070 556 neque
1089 503 1161 556 ipfi
1180 507 1395 545 conuemui
1417 508 1475 547 in·

104 561 296 611 terruerit,
316 576 462 614 neque,
482 574 582 614 quae
601 560 650 598 ab
662 559 977 607 Atheniensibus,
996 571 1060 600 aut
1070 560 1214 608 Mefiis,
1236 561 1473 611 dicerentur,

103 619 318 668 audiuerit,
358 632 407 659 ex
434 620 491 666 iis,
529 629 630 668 quae
656 614 741 669 ipse
767 616 1034 669 praecedente
1054 615 1154 656 libro
1178 630 1473 666 commemorat,

102 744 128 770 e
146 730 287 784 patria,
325 742 396 783 per
426 741 544 770 omne
565 728 757 780 reliquum

101 787 200 826 belli
230 798 382 838 ternpus
401 787 441 824 in
462 786 631 825 Thracia
653 786 755 825 vixit.

102 845 181 882 Hic
220 843 344 893 primo
381 841 589 881 manifeste
614 839 756 881 falsum

101 897 305 951 Dionyfi'us
334 897 449 946 dicit,
506 897 756 948 Thucydidem

100 956 227 1008 patria
245 954 420 1003 eiecium,
452 953 585 1006 postea
604 951 756 1007 semper

98 1012 146 1050 in
169 1010 335 1052 Thracia
364 1011 492 1064 longe
517 1025 539 1049 a
567 1010 673 1049 bello
696 1023 755 1049 re-

100 1077 250 1107 motum
269 1064 412 1107 vixiffe.
469 1065 553 1119 lpse
574 1068 685 1106 enim
702 1066 754 1106 de

98 1122 140 1163 se
160 1123 321 1175 Thucyd.
343 1120 491 1171 scribit,
518 1136 606 1168 curn
628 1124 668 1161 in
690 1135 754 1161 ex-

98 1179 222 1219 filium
267 1177 351 1233 post
395 1177 755 1230 Amphipolitanam

99 1235 383 1286 praefecturam
428 1235 576 1274 eiecius
612 1232 754 1281 fuisset,

98 1291 244 1331 factum
265 1289 364 1338 effe,
398 1301 438 1329 vt
459 1289 652 1341 vtriusque
675 1304 757 1342 par-

101 1349 150 1387 tis
166 1346 281 1387 rebus
302 1346 415 1400 gestis
427 1346 661 1395 interfuerit,
680 1359 757 1386 nec

100 1417 242 1455 parum
265 1403 639 1455 Peloponnesiorum
681 1416 756 1451 res,

99 1458 152 1498 ob
195 1460 235 1498 id
273 1459 465 1509 exfilium,
513 1460 754 1512 cognouerit.

97 1516 177 1557 Hic
203 1525 339 1568 aperte
363 1515 525 1566 Thucyd.
556 1514 623 1564 se,
655 1515 755 1568 post-

99 1584 217 1623 quam
243 1572 366 1624 patria
394 1570 522 1624 pulsus
548 1572 609 1618 fit,
640 1572 754 1611 rebus

101 1626 216 1680 gestis
244 1625 391 1667 affuiffe
417 1628 520 1668 dicit.
578 1631 626 1668 Et
648 1627 756 1667 testa-

101 1696 164 1722 tur
202 1685 244 1723 in
280 1684 364 1723 eius
390 1685 468 1724 vita
496 1685 756 1733 Marcellinus,

100 1738 357 1790 Thucydidem,
387 1742 507 1792 patria
530 1738 692 1792 pulsum,
714 1741 755 1779 in

100 1798 295 1850 Aeginam
314 1793 351 1835 se
370 1797 490 1847 (quae
500 1797 757 1847 vtpturimum

101 1853 214 1891 vnius
237 1851 315 1891 diei
337 1853 593 1905 nauigatione
614 1853 660 1891 ab
674 1857 758 1894 Me-

103 1908 143 1946 lo
171 1906 296 1954 distat)
323 1906 537 1948 contulisse.
594 1909 756 1949 Deinde

102 1962 202 2002 nihil
228 1963 351 2015 magis
378 1965 517 2012 miror,
566 1978 683 2016 quam
716 1964 756 2003 id

103 2031 294 2070 quaerere
308 2017 548 2073 'Diony-fiunt,
577 2033 656 2070 quo
677 2033 758 2059 mo-

102 2075 154 2114 do
193 2075 436 2125 colloquium
475 2074 550 2113 hoc
581 2076 756 2126 potuerit

102 2131 236 2171 edere-
256 2129 512 2181 Thucydides,
551 2142 639 2168 cum
669 2142 756 2169 con-

101 2188 243 2226 uentui
280 2200 364 2225 non
405 2185 640 2225 interfuerit.
675 2199 756 2237 quo

101 2242 222 2283 modo
269 2244 447 2282 omnium
489 2242 756 2281 historicorum

102 2298 200 2337 fides
221 2298 366 2337 eleuari
389 2296 533 2351 poffet:
561 2299 626 2349 qui
647 2308 756 2337 certe

102 2351 301 2406 plerisque
326 2355 460 2402 rebus,
492 2368 586 2406 quas
604 2350 757 2406 scripse-

104 2421 207 2458 runt,
232 2423 311 2449 non
336 2410 453 2449 modo
475 2423 556 2449 non
575 2409 759 2448 interfue-

105 2477 210 2509 runt,
235 2464 300 2504 sed
317 2479 392 2504 nec
414 2467 556 2505 eodem
579 2476 758 2517 tempore

106 2523 294 2560 vixerunt.
361 2524 423 2561 Sic
451 2521 530 2574 ipse
561 2520 756 2574 Dimzysz'us

109 2591 169 2617 res
200 2583 459 2618 Rornanorum
489 2575 647 2629 scripiit,
679 2579 759 2628 qui-

108 2633 178 2674 bus
219 2635 369 2685 aliquot
408 2631 539 2674 seculis
572 2633 760 2686 posterior

1355 673 1474 714 facile

814 728 901 769 fuit.
951 729 1156 781 Optimum
1177 728 1337 780 quidem
1357 728 1475 777 soret,

815 786 863 825 ab
883 786 940 834 iis,
960 786 1029 837 qui
1048 784 1136 837 ipsis
1155 785 1476 825 rebnsinterfue-

814 852 917 891 runt,
949 842 1081 881 omnia
1110 841 1266 893 prodita
1286 839 1374 890 efl'e,
1405 839 1474 881 sed

814 899 905 950 quia
931 898 971 938 id
1001 911 1062 937 res
1083 897 1281 938 humanae
1305 911 1386 937 non
1408 911 1475 949 pa-

813 956 974 1003 tiuntur,
1004 967 1089 992 non
1108 954 1251 993 idcirco
1273 951 1364 994 falsa
1388 952 1475 993 scri-

811 1021 966 1063 ptorum
997 1009 1092 1049 fides
1123 1009 1196 1057 est,
1227 1011 1292 1062 qui
1320 1010 1368 1049 ab
1388 1010 1475 1050 aliis

812 1077 970 1118 accepta
989 1068 1204 1106 memoriae
1222 1067 1472 1107 mandarunt.

811 1123 1037 1173 Thucydides
1077 1134 1207 1167 tamen
1247 1137 1271 1161 n
1280 1123 1377 1163 oster
1410 1122 1473 1165 his

814 1179 997 1218 omnibus
1034 1178 1326 1219 difficultatibus
1351 1192 1473 1230 quam

812 1236 980 1275 minime
1008 1233 1229 1277 laborauitz
1260 1236 1327 1287 qui
1353 1235 1472 1275 torius

811 1290 1136 1344 Peloponnesiaci
1172 1290 1264 1331 belli
1290 1302 1477 1343 tempore

813 1349 930 1397 vixit,
959 1358 1015 1392 et,
1047 1359 1134 1386 cum
1160 1347 1200 1386 id
1219 1348 1474 1399 inciperetur,

813 1418 897 1444 non
924 1417 1044 1456 puer,
1079 1399 1144 1442 sed
1173 1403 1250 1443 iam
1277 1405 1318 1443 in
1342 1413 1473 1442 aetate

812 1459 912 1500 fuit:
946 1460 1061 1499 rebus
1092 1473 1185 1498 vero
1216 1459 1330 1513 gestis
1353 1460 1473 1511 pluri-

812 1518 884 1557 mis
903 1513 982 1568 ipse
1009 1514 1207 1555 interfuit:
1230 1517 1393 1556 caeteris
1416 1517 1473 1555 ita

811 1574 854 1612 in
877 1573 1105 1625 propinquo
1128 1582 1220 1618 erat,
1240 1584 1278 1612 vt
1290 1570 1472 1623 quotidie

811 1629 1015 1677 homiues,
1048 1629 1116 1680 qui
1144 1628 1261 1668 rebus
1282 1626 1473 1668 interfue-

814 1695 928 1734 runt,
972 1684 1232 1737 percontandi
1265 1683 1471 1727 audiendi·

815 1754 893 1795 que
921 1742 1089 1793 amplam
1116 1739 1295 1781 habuerit
1311 1739 1470 1779 faculta-

813 1809 906 1838 tem.
953 1797 1075 1850 Igitur
1093 1795 1118 1836 fi
1139 1795 1337 1848 quisquam
1355 1797 1469 1845 alius,

815 1865 921 1894 certe
957 1853 1185 1907 Thucydides
1214 1853 1247 1892 is
1278 1852 1357 1901 est,
1404 1854 1469 1891 cui

812 1911 975 1951 minime
993 1911 1180 1960 omnium,
1204 1909 1306 1960 quasi
1320 1910 1469 1948 incom-

813 1977 920 2019 perta
948 1962 1151 2018 scripserit,
1186 1966 1316 2004 obiicii
1339 1974 1468 2016 queat.

815 2025 878 2063 Ex·
898 2021 1079 2075 Dionyfib
1101 2035 1177 2074 ego
1197 2023 1318 2060 multo
1338 2020 1468 2061 liben-

812 2080 895 2124 tius,
917 2088 966 2123 et,
988 2076 1162 2124 nifallor‚
1181 2077 1322 2123 iustius,
1345 2089 1467 2132 quae-

813 2146 952 2179 rerem,
966 2132 1071 2169 vnde
1084 2134 1279 2171 orationes
1293 2137 1468 2179 Aeneae,

810 2188 946 2231 Latini,
968 2189 1131 2235 Romuli,
1147 2199 1185 2225 et
1198 2190 1375 2240 inprimis
1389 2191 1467 2227 ele·

811 2256 909 2298 gans
937 2243 1051 2287 illud,
1090 2243 1282 2295 omnique
1305 2244 1466 2283 artificio

811 2299 978 2339 oratorio
993 2298 1244 2347 elaboratum,
1259 2300 1370 2339 Tulli
1385 2303 1470 2339 Ho-

814 2354 915 2401 stilii,
936 2356 1098 2393 Romani
1110 2357 1225 2409 regis,
1238 2368 1324 2395 cum
1337 2356 1468 2398 Metio

815 2409 980 2452 Sust'etio
1019 2409 1176 2449 Albano
1216 2412 1470 2461 colloquium,

817 2481 899 2507 non
928 2466 1081 2504 breuius
1112 2465 1187 2504 hoc
1219 2466 1469 2516 Thucydideo,

816 2522 1021 2574 acceperit,
1044 2519 1220 2573 cumipse
1233 2523 1334 2574 plus,
1354 2534 1470 2572 quam

816 2578 1074 2630 septingentis
1104 2579 1237 2627 annis,
1282 2577 1470 2630 posterior

817 2635 965 2676 vixerit.
992 2635 1159 2675 Aeacius.

886 2694 920 2732 N
951 2702 980 2745 4
1318 2688 1341 2728 h
1374 2686 1473 2737 ἐχὸ-
