1751 3154
548 100 953 142 RERVM.

120 210 300 252 mebatur
329 209 477 251 Cumis.
520 222 638 263 1333.
675 221 712 250 2.

117 268 266 309 Aetatis
302 279 408 305 anno
434 279 494 305 xx.
523 264 714 305 sociorum

118 324 270 362 auxiliis
300 321 518 375 praeficitur
545 323 712 362 Seruius.

118 383 209 432 638.
226 390 293 420 11.Ι
322 379 456 421 aetatis
476 392 602 417 annus
620 390 706 418 xxx.

115 435 230 474 rebus
260 433 500 487 capessendis
529 445 709 473 maturus.

111 501 204 542 722.
234 503 269 532 2.
327 492 458 530 aetatis
488 503 592 530 anno
619 496 707 528 xxx.

114 559 237 599 remp.
275 544 469 599 capessere
497 547 623 586 finum
655 545 707 584 le-

110 615 193 656 ges.
222 605 315 654 647.
335 605 399 642 vlt.
455 603 585 642 aetatis
603 612 708 639 anno

109 672 202 699 XLV.
225 660 320 698 ciuis
340 657 630 699 liberabaturab
642 669 708 695 ex-

111 726 220 754 terna
240 716 388 754 militia.
556 717 650 767 678-
667 715 705 756 6-

54 772 196 820 Aetoli,
219 772 312 810 olim
331 773 504 812 Curetes.
589 782 655 823 47.
673 781 707 810 1.

52 829 177 868 Aezei
216 841 382 881 regnum
420 837 460 866 et
494 824 705 878 posteritas.

455 894 518 935 30.
531 888 566 934 4'.
589 894 652 935 31.
672 892 705 922 1.

53 940 189 986 Aezei,
219 939 398 992 populus,
410 938 493 990 post
506 942 706 992 Lycaones

108 1006 150 1035 et
189 996 354 1036 Oenotri
399 992 704 1034 transnominati.

106 1064 170 1106 33.
184 1065 220 1105 3.
239 1052 357 1091 iidem
378 1052 528 1103 opinor,
543 1051 607 1103 qui
620 1050 705 1090 aliis

103 1113 271 1147 Azanes.

45 1162 318 1216 Agatharchus
330 1164 557 1217 Olympion.
569 1174 703 1217 7459.

45 1220 248 1272 Agonales
270 1221 375 1260 Salii.
531 1226 622 1272 384
639 1232 702 1261 11.

46 1277 145 1328 Agri
170 1275 306 1315 triferi.
326 1287 393 1328 92
404 1276 468 1314 vlt.
508 1278 704 1339 ageiTar-

100 1344 256 1383 quinioi
259 1346 323 1371 um
337 1333 570 1387 eiec'toiffim
560 1345 601 1370 in
614 1344 702 1384 ege·

98 1401 171 1427 nos
192 1389 296 1428 ciues
317 1388 510 1427 diuiditur.
534 1395 700 1440 874.12

97 1449 249 1496 Agrum
271 1447 484 1484 Romanum
508 1456 544 1482 vt
566 1441 702 1482 diuise-

98 1503 147 1539 rit
163 1500 356 1541 Romulus.
375 1513 466 1552 251.
481 1504 519 1542 6.
563 1513 700 1553 agrum

99 1559 317 1597 Romanum
336 1566 372 1594 vt
393 1533 700 1595 diuiseiitNuma

99 1613 323 1663 Pompilius.
337 1624 429 1665 400.
444 1613 504 1650 vit.
525 1625 618 1666 ager
630 1616 703 1653 Ro-

97 1680 233 1707 manus
253 1669 295 1706 in
319 1679 415 1719 quot
433 1679 559 1720 partes
580 1668 697 1707 tribu-

100 1726 286 1764 tusaSer.
297 1725 442 1764 Tullio.
454 1729 546 1777 673.
560 1726 595 1764 6
616 1725 696 1776 agii

99 1781 246 1832 publici
260 1791 407 1831 partem
421 1784 546 1820 Numa
557 1780 699 1819 diuidit

97 1838 137 1875 in
151 1848 350 1888 pauperes.
363 1840 454 1888 368.
468 1850 504 1888 4.
527 1850 620 1889 agei·
632 1849 696 1888 pu-

99 1891 222 1930 blicus
252 1906 272 1930 a
295 1894 375 1932 Ser.
395 1893 529 1931 Tullio
561 1892 695 1930 diuidi-

97 1958 160 1987 tur
178 1949 216 1986 iu
237 1944 407 1986 exsortes
419 1949 531 1986 ciues.
555 1951 697 2001 6594.

100 2007 193 2051 668.
217 2007 253 2046 6.
294 2005 374 2056 agri
395 2004 541 2055 publici
561 2004 696 2043 diuilio

95 2057 276 2099 suadetur
315 2071 353 2098 et
392 2072 548 2112 vrgetur
587 2074 606 2097 a
633 2062 699 2112 Sp.

98 2116 235 2155 Caffio.
287 2119 404 2169 1676.
434 2129 470 2168 3.
514 2118 631 2168 1679.
661 2128 699 2167 9.

102 2175 269 2223 16807.
290 2174 372 2225 agri
396 2172 540 2222 publici
554 2173 703 2223 partici-

101 2241 169 2278 pes
190 2226 269 2266 fieri
285 2230 437 2267 Latinos
458 2240 494 2267 et
506 2229 699 2267 Hernicos

99 2283 182 2321 vult
203 2283 304 2320 idem
329 2285 485 2324 Caffius.
523 2287 639 2337 1676.
660 2296 698 2336 7.

98 2340 178 2391 agri
211 2337 354 2389 publici
387 2339 565 2378 definitio
586 2351 624 2379 et
646 2340 699 2378 di-

102 2393 192 2432 vilio
224 2404 380 2446 rrgetur
409 2397 455 2434 ab
476 2396 586 2434 Icilio
609 2396 694 2434 trib.

104 2461 219 2502 1740.
233 2463 270 2502 4.
299 2452 378 2502 agri
401 2451 542 2500 publici
563 2451 698 2491 diuifio

99 2507 240 2545 iterum
266 2517 423 2559 rigetur
441 2521 460 2545 a
480 2507 564 2545 trib.
588 2519 625 2545 et
643 2509 696 2559 pl.

104 2568 298 2615 184413.
342 2573 380 2600 et
401 2560 556 2601 rursum.
584 2570 697 2611 1831,

103 2629 166 2661 10.
219 2617 265 2656 ab
304 2618 434 2670 Appio
472 2618 696 2671 impeditur.

826 216 944 263 1890.
964 211 1027 249 vlt.
1064 212 1204 253 iteium
1229 222 1423 268 vrgetura

826 265 911 304 trib.
931 276 970 305 et
983 281 1004 305 a
1015 264 1145 308 senatu
1158 281 1208 309 ex
1218 282 1324 321 paite
1334 284 1425 311 con-

822 321 981 361 ceditur.
1257 335 1372 380 1908,
1383 340 1422 381 9

822 380 933 431 Ager
951 391 974 418 e
989 377 1146 430 publico
1155 379 1325 422 donatur
1336 388 1425 424 Mu·

822 435 896 483 cio,
917 446 1103 499 quantum
1118 433 1161 474 sc.
1179 450 1255 475 vno
1267 439 1422 478 dievno

819 489 970 529 boum
960 505 1053 545 iugo
1076 491 1424 546 circumararepos-

818 543 884 586 set.
907 559 1000 600 923.
1020 560 1057 600 9
1114 548 1196 600 agii
1218 550 1418 600 epublico

817 613 966 642 tantum
984 603 1284 653 daturHoratio‚
1302 618 1422 656 quan-

818 669 899 698 tum
921 673 998 698 vno
1017 659 1134 698 boum
1156 661 1250 713 iugo
1261 674 1340 700 vno
1352 661 1421 701 die

821 717 1074 755 circumarare
1096 714 1228 767 poffet.
1268 728 1364 769 902.
1378 730 1416 759 2.

763 773 927 825 Agraria
955 774 1020 811 lex
1047 769 1254 812 discutitur.
1297 776 1418 822 1680.

823 840 885 869 12.
905 829 1000 867 vltra
1019 843 1106 868 xxx.
1130 842 1276 868 annum
1296 840 1421 868 extra-

814 885 881 923 aa.
896 892 1016 938 2085.
1032 899 1068 938 3.
1090 883 1136 923 ad
1158 885 1421 937 populumr-te

816 938 940 980 fertur
961 955 981 979 a
1003 941 1087 980 tiib.
1107 948 1227 994 2085.
1240 953 1276 993 9.
1294 942 1421 993 impe-

817 996 932 1037 ditur.
954 1009 1073 1038 2100.
1088 1008 1123 1049 5.
1152 995 1420 1049 r·''uilus1mpe-

817 1052 930 1091 ditur.
959 1065 1080 1106 2103
1106 1065 1167 1106 14.
1223 1054 1416 1106 agi-mium

817 1109 1026 1160 negotium
1076 1111 1179 1160 quib.
1223 1107 1418 1148 cauffatio-

816 1164 898 1204 nib.
913 1165 1123 1204 extraclum
1139 1179 1159 1203 a
1170 1163 1414 1219 coxiff1845.

814 1232 850 1273 5.
909 1222 1072 1273 Agraria
1120 1221 1322 1260 contentio
1370 1223 1415 1260 in

812 1278 1034 1329 grauiorem
1079 1279 1414 1316 concertationem

812 1333 952 1371 tranlit.
969 1339 1124 1387 18505.
1143 1334 1335 1386 agrarium
1348 1343 1421 1371 ne-'

813 1390 965 1442 gotium
984 1403 1004 1426 a
1017 1390 1142 1430 Caffio
1167 1390 1337 1440 primum
1357 1390 1414 1427 in-

811 1445 1416 1498 uectum.1gg2.g.Agrai-inele-

811 1503 869 1555 gis
881 1500 1411 1553 auctorSp.Caffius.2094.1.

756 1559 1030 1621 Agriculturae
1049 1568 1089 1596 et
1109 1558 1271 1598 militiae
1291 1556 1414 1596 studia

812 1614 1016 1666 coniungit
1037 1615 1232 1653 Romulus
1254 1625 1395 1666 2972

811 1671 1069 1722 agriculturae
1119 1682 1160 1709 ac
1205 1669 1413 1721 pecuariae

809 1725 972 1764 studium
985 1731 1094 1766 Rom.
1114 1724 1413 1764 commendatur

811 1782 859 1820 ab
903 1788 1018 1823 Anco
1047 1784 1214 1822 Marcio.
1258 1794 1350 1835 519·
1372 1793 1411 1834 3·

1269 1850 1360 1888 520.
1372 1849 1411 1890 4.

753 1893 959 1956 Agrippa,
995 1906 1239 1946 praenomen
1271 1894 1413 1932 Mene·

808 1950 875 1987 nll-

753 2005 897 2058 Agylla
917 2002 983 2042 sub
996 2002 1141 2055 l‘elnsu,
1115 2017 1161 2043 ris
1181 2004 1290 2052 dia-a,
1308 2008 1409 2056 quae

809 2060 891 2111 post
902 2057 966 2098 sub
977 2058 1140 2100 Etruscis
1151 2062 1288 2102 Caere
1304 2072 1364 2113 54
1359 2073 1409 2114 ..4

1236 2120 1328 2168 563
1345 2128 1408 2168 14

757 2172 884 2212 Aiacis
902 2171 1085 2223 etVlyslis
1102 2172 1210 2213 lucta.
1239 2175 1355 2225 1486.
1369 2184 1408 2212 2.

755 2228 849 2269 Aius
871 2230 1065 2269 Locutius.
1095 2235 1184 2278 882.
1213 2240 1275 2270 12.
1317 2226 1408 2268 Vise

810 2287 973 2323 Faunus.

756 2339 888 2380 Albae
904 2345 1063 2392 Longae
1082 2339 1278 2387 conditor,
1306 2337 1408 2387 fiius,

813 2396 981 2435 fortuna.
1265 2398 1353 2438 166.
1368 2407 1405 2446 3.

757 2451 869 2498 Alba,
889 2465 974 2491 xxx.
1000 2452 1221 2490 Latinorum
1243 2451 1407 2502 oppido-

813 2522 894 2546 rum
923 2519 1064 2555 mater,
1103 2521 1123 2546 a
1142 2507 1322 2547 Romanis
1344 2507 1409 2546 de-

814 2564 992 2610 struitur,
1033 2574 1072 2601 et
1109 2564 1212 2603 ciues
1246 2566 1408 2603 Romam

809 2619 1098 2660 transferuntur.
1265 2631 1356 2672 504.
1370 2631 1406 2658 2.

865 2678 894 2716 R
904 2689 920 2714 i·
950 2688 972 2729 3
1294 2673 1409 2717 Alba·
