<?xml version="1.0" encoding="UTF-8"?>
<!DOCTYPE html PUBLIC "-//W3C//DTD XHTML 1.0 Transitional//EN"
    "http://www.w3.org/TR/xhtml1/DTD/xhtml1-transitional.dtd">
<html xmlns="http://www.w3.org/1999/xhtml" xml:lang="en" lang="en">
 <head>
  <title>
</title>
<meta http-equiv="Content-Type" content="text/html;charset=utf-8" />
  <meta name='ocr-system' content='tesseract 3.04.00' />
  <meta name='ocr-capabilities' content='ocr_page ocr_carea ocr_par ocr_line ocrx_word'/>
</head>
<body>
  <div class='ocr_page' id='page_1' title='image "./operaomniagraece06dionuoft/operaomniagraece06dionuoft_0716.png"; bbox 0 0 1751 3154; ppageno 0'>
   <div class='ocr_carea' id='block_1_1' title="bbox 780 101 1163 145">
    <p class='ocr_par' dir='ltr' id='par_1_1' title="bbox 780 101 1163 145">
     <span class='ocr_line' id='line_1_1' title="bbox 780 101 1163 145; baseline -0.008 0"><span class='ocrx_word' id='word_1_1' title='bbox 780 101 1163 145; x_wconf 77' lang='lat' dir='ltr'>1NDEx</span> 
     </span>
    </p>
   </div>
   <div class='ocr_carea' id='block_1_2' title="bbox 299 208 1657 277">
    <p class='ocr_par' dir='ltr' id='par_1_2' title="bbox 299 208 1657 277">
     <span class='ocr_line' id='line_1_2' title="bbox 299 208 1657 277; baseline -0.007 -16"><span class='ocrx_word' id='word_1_2' title='bbox 299 220 471 265; x_wconf 83' lang='lat' dir='ltr'>Comitia</span> <span class='ocrx_word' id='word_1_3' title='bbox 498 214 673 271; x_wconf 61' lang='lat' dir='ltr'>legitima</span> <span class='ocrx_word' id='word_1_4' title='bbox 690 208 801 266; x_wconf 76' lang='lat' dir='ltr'>quae.</span> <span class='ocrx_word' id='word_1_5' title='bbox 829 225 949 277; x_wconf 70' lang='grc'><strong>1991.</strong></span> <span class='ocrx_word' id='word_1_6' title='bbox 1007 212 1289 257; x_wconf 82' lang='lat' dir='ltr'>confarreatio.</span> <span class='ocrx_word' id='word_1_7' title='bbox 1311 219 1402 263; x_wconf 79' lang='lat'><strong>288.</strong></span> <span class='ocrx_word' id='word_1_8' title='bbox 1423 224 1460 255; x_wconf 88' lang='lat'><strong>2.</strong></span> <span class='ocrx_word' id='word_1_9' title='bbox 1507 225 1530 251; x_wconf 86' lang='lat' dir='ltr'>a</span> <span class='ocrx_word' id='word_1_10' title='bbox 1546 209 1657 252; x_wconf 80' lang='lat' dir='ltr'>farris</span> 
     </span>
    </p>
   </div>
   <div class='ocr_carea' id='block_1_3' title="bbox 352 271 953 427">
    <p class='ocr_par' dir='ltr' id='par_1_3' title="bbox 352 271 953 427">
     <span class='ocr_line' id='line_1_3' title="bbox 356 271 951 324; baseline -0.015 -7"><span class='ocrx_word' id='word_1_11' title='bbox 356 278 422 316; x_wconf 79' lang='lat' dir='ltr'>vlt.</span> <span class='ocrx_word' id='word_1_12' title='bbox 480 274 650 316; x_wconf 83' lang='lat' dir='ltr'>Comitia</span> <span class='ocrx_word' id='word_1_13' title='bbox 680 271 871 324; x_wconf 82' lang='lat' dir='ltr'>legitima,</span> <span class='ocrx_word' id='word_1_14' title='bbox 909 284 951 309; x_wconf 87' lang='lat' dir='ltr'><strong>m</strong></span> 
     </span>
     <span class='ocr_line' id='line_1_4' title="bbox 352 326 951 384; baseline -0.013 -12"><span class='ocrx_word' id='word_1_15' title='bbox 352 346 455 384; x_wconf 86' lang='lat' dir='ltr'>quae</span> <span class='ocrx_word' id='word_1_16' title='bbox 484 344 533 369; x_wconf 85' lang='lat' dir='ltr'>ex</span> <span class='ocrx_word' id='word_1_17' title='bbox 560 340 791 379; x_wconf 85' lang='lat' dir='ltr'>vnaquaque</span> <span class='ocrx_word' id='word_1_18' title='bbox 821 326 951 380; x_wconf 78' lang='lat' dir='ltr'>gentis</span> 
     </span>
     <span class='ocr_line' id='line_1_5' title="bbox 353 382 953 427; baseline -0.01 0"><span class='ocrx_word' id='word_1_19' title='bbox 353 389 509 427; x_wconf 81' lang='lat' dir='ltr'>ciuitate</span> <span class='ocrx_word' id='word_1_20' title='bbox 545 386 747 425; x_wconf 82' lang='lat' dir='ltr'>mittuntur</span> <span class='ocrx_word' id='word_1_21' title='bbox 785 382 953 422; x_wconf 79' lang='lat' dir='ltr'>consilia-</span> 
     </span>
    </p>
   </div>
   <div class='ocr_carea' id='block_1_4' title="bbox 353 440 953 496">
    <p class='ocr_par' dir='ltr' id='par_1_4' title="bbox 353 440 953 496">
     <span class='ocr_line' id='line_1_6' title="bbox 353 440 953 496; baseline -0.013 -12"><span class='ocrx_word' id='word_1_22' title='bbox 353 445 413 484; x_wconf 82' lang='lat' dir='ltr'>rii.</span> <span class='ocrx_word' id='word_1_23' title='bbox 449 446 564 496; x_wconf 77' lang='lat'><strong>1645.</strong></span> <span class='ocrx_word' id='word_1_24' title='bbox 588 454 648 483; x_wconf 90' lang='lat'><strong>10.</strong></span> <span class='ocrx_word' id='word_1_25' title='bbox 692 440 862 482; x_wconf 84' lang='lat' dir='ltr'>Comitia</span> <span class='ocrx_word' id='word_1_26' title='bbox 890 450 953 477; x_wconf 87' lang='lat' dir='ltr'>cu-</span> 
     </span>
    </p>
   </div>
   <div class='ocr_carea' id='block_1_5' title="bbox 1063 269 1656 310">
    <p class='ocr_par' dir='ltr' id='par_1_5' title="bbox 1063 269 1656 310">
     <span class='ocr_line' id='line_1_7' title="bbox 1063 269 1656 310; baseline -0.005 0"><span class='ocrx_word' id='word_1_27' title='bbox 1063 271 1345 310; x_wconf 85' lang='lat' dir='ltr'>communione</span> <span class='ocrx_word' id='word_1_28' title='bbox 1388 269 1656 308; x_wconf 81' lang='lat' dir='ltr'>denominata.</span> 
     </span>
    </p>
   </div>
   <div class='ocr_carea' id='block_1_6' title="bbox 1349 331 1655 378">
    <p class='ocr_par' dir='ltr' id='par_1_6' title="bbox 1349 331 1655 378">
     <span class='ocr_line' id='line_1_8' title="bbox 1349 331 1655 378; baseline -0.01 -12"><span class='ocrx_word' id='word_1_29' title='bbox 1349 332 1491 375; x_wconf 77' lang='lat'><strong>288.2.</strong></span> <span class='ocrx_word' id='word_1_30' title='bbox 1509 331 1602 378; x_wconf 73' lang='grc'><strong>289-</strong></span> <span class='ocrx_word' id='word_1_31' title='bbox 1614 337 1655 377; x_wconf 91' lang='grc'>4.</span> 
     </span>
    </p>
   </div>
   <div class='ocr_carea' id='block_1_7' title="bbox 1009 382 1659 484">
    <p class='ocr_par' dir='ltr' id='par_1_7' title="bbox 1009 382 1659 484">
     <span class='ocr_line' id='line_1_9' title="bbox 1009 382 1659 430; baseline -0.008 -7"><span class='ocrx_word' id='word_1_32' title='bbox 1009 382 1285 430; x_wconf 79' lang='lat' dir='ltr'>Confluentes,</span> <span class='ocrx_word' id='word_1_33' title='bbox 1312 386 1329 418; x_wconf 79' lang='grc' dir='ltr'><strong><em>ὃ</em></strong></span> <span class='ocrx_word' id='word_1_34' title='bbox 1348 386 1383 419; x_wconf 79' lang='grc' dir='ltr'>ἐκ</span> <span class='ocrx_word' id='word_1_35' title='bbox 1400 386 1482 419; x_wconf 80' lang='grc' dir='ltr'><em>δυοῖν</em></span> <span class='ocrx_word' id='word_1_36' title='bbox 1500 382 1659 426; x_wconf 48' lang='lat' dir='ltr'>normann</span> 
     </span>
     <span class='ocr_line' id='line_1_10' title="bbox 1063 435 1310 484; baseline -0.012 -7"><span class='ocrx_word' id='word_1_37' title='bbox 1063 439 1110 479; x_wconf 71' lang='grc' dir='ltr'>εἷς</span> <span class='ocrx_word' id='word_1_38' title='bbox 1131 435 1310 484; x_wconf 66' lang='grc' dir='ltr'><strong>γενόμενος.</strong></span> 
     </span>
    </p>
   </div>
   <div class='ocr_carea' id='block_1_8' title="bbox 1491 436 1660 490">
    <p class='ocr_par' dir='ltr' id='par_1_8' title="bbox 1491 436 1660 490">
     <span class='ocr_line' id='line_1_11' title="bbox 1491 436 1660 490; baseline 0.006 -16"><span class='ocrx_word' id='word_1_39' title='bbox 1491 448 1583 490; x_wconf 83' lang='lat'><strong>559.</strong></span> <span class='ocrx_word' id='word_1_40' title='bbox 1595 436 1660 475; x_wconf 80' lang='lat' dir='ltr'>vlt.</span> 
     </span>
    </p>
   </div>
   <div class='ocr_carea' id='block_1_9' title="bbox 353 490 1661 548">
    <p class='ocr_par' dir='ltr' id='par_1_9' title="bbox 353 490 1661 548">
     <span class='ocr_line' id='line_1_12' title="bbox 353 490 1661 548; baseline -0.007 -9"><span class='ocrx_word' id='word_1_41' title='bbox 353 502 448 540; x_wconf 79' lang='lat' dir='ltr'>tiata</span> <span class='ocrx_word' id='word_1_42' title='bbox 476 509 515 537; x_wconf 86' lang='lat' dir='ltr'>et-</span> <span class='ocrx_word' id='word_1_43' title='bbox 539 497 764 536; x_wconf 82' lang='lat' dir='ltr'>centuriata.</span> <span class='ocrx_word' id='word_1_44' title='bbox 799 498 891 545; x_wconf 80' lang='lat'><strong>636.</strong></span> <span class='ocrx_word' id='word_1_45' title='bbox 912 506 951 548; x_wconf 89' lang='lat'>9.</span> <span class='ocrx_word' id='word_1_46' title='bbox 1009 495 1298 547; x_wconf 77' lang='lat' dir='ltr'>Coniugiorum</span> <span class='ocrx_word' id='word_1_47' title='bbox 1323 493 1431 546; x_wconf 87' lang='lat' dir='ltr'>leges</span> <span class='ocrx_word' id='word_1_48' title='bbox 1461 494 1594 544; x_wconf 87' lang='lat' dir='ltr'>quales</span> <span class='ocrx_word' id='word_1_49' title='bbox 1610 490 1661 531; x_wconf 87' lang='lat' dir='ltr'>ab</span> 
     </span>
    </p>
   </div>
   <div class='ocr_carea' id='block_1_10' title="bbox 353 552 959 943">
    <p class='ocr_par' dir='ltr' id='par_1_10' title="bbox 353 552 959 943">
     <span class='ocr_line' id='line_1_13' title="bbox 353 552 954 597; baseline -0.013 0"><span class='ocrx_word' id='word_1_50' title='bbox 353 556 618 597; x_wconf 83' lang='lat' dir='ltr'>Comitiorum</span> <span class='ocrx_word' id='word_1_51' title='bbox 657 552 886 592; x_wconf 82' lang='lat' dir='ltr'>tributorum</span> <span class='ocrx_word' id='word_1_52' title='bbox 914 561 954 589; x_wconf 88' lang='lat' dir='ltr'>et</span> 
     </span>
     <span class='ocr_line' id='line_1_14' title="bbox 357 606 954 652; baseline -0.008 -1"><span class='ocrx_word' id='word_1_53' title='bbox 357 612 661 652; x_wconf 82' lang='lat' dir='ltr'>centuriatorum</span> <span class='ocrx_word' id='word_1_54' title='bbox 718 606 954 647; x_wconf 81' lang='lat' dir='ltr'>differentia.</span> 
     </span>
     <span class='ocr_line' id='line_1_15' title="bbox 361 663 951 720; baseline -0.014 -12"><span class='ocrx_word' id='word_1_55' title='bbox 361 675 555 720; x_wconf 75' lang='lat'>135413.</span> <span class='ocrx_word' id='word_1_56' title='bbox 578 674 739 718; x_wconf 82' lang='lat'>2²74-9·</span> <span class='ocrx_word' id='word_1_57' title='bbox 769 663 951 711; x_wconf 88' lang='lat' dir='ltr'>Comitia,</span> 
     </span>
     <span class='ocr_line' id='line_1_16' title="bbox 358 717 957 775; baseline -0.01 -12"><span class='ocrx_word' id='word_1_58' title='bbox 358 725 401 763; x_wconf 85' lang='lat' dir='ltr'>in</span> <span class='ocrx_word' id='word_1_59' title='bbox 435 722 573 775; x_wconf 89' lang='lat' dir='ltr'>quibus</span> <span class='ocrx_word' id='word_1_60' title='bbox 611 734 680 773; x_wconf 79' lang='lat' dir='ltr'>pro</span> <span class='ocrx_word' id='word_1_61' title='bbox 713 717 829 759; x_wconf 88' lang='lat' dir='ltr'>censu</span> <span class='ocrx_word' id='word_1_62' title='bbox 857 718 957 758; x_wconf 86' lang='lat' dir='ltr'>fere-</span> 
     </span>
     <span class='ocr_line' id='line_1_17' title="bbox 355 774 955 830; baseline -0.01 -11"><span class='ocrx_word' id='word_1_63' title='bbox 355 780 498 819; x_wconf 78' lang='lat' dir='ltr'>bantur</span> <span class='ocrx_word' id='word_1_64' title='bbox 523 774 710 830; x_wconf 74' lang='lat' dir='ltr'>suffmgia.</span> <span class='ocrx_word' id='word_1_65' title='bbox 743 787 859 828; x_wconf 85' lang='lat'><strong>1452.</strong></span> <span class='ocrx_word' id='word_1_66' title='bbox 893 786 955 826; x_wconf 81' lang='lat'><strong>14.</strong></span> 
     </span>
     <span class='ocr_line' id='line_1_18' title="bbox 358 832 957 877; baseline -0.013 -1"><span class='ocrx_word' id='word_1_67' title='bbox 358 835 618 877; x_wconf 82' lang='lat' dir='ltr'>comitiorum</span> <span class='ocrx_word' id='word_1_68' title='bbox 662 832 757 871; x_wconf 85' lang='lat' dir='ltr'>ratio</span> <span class='ocrx_word' id='word_1_69' title='bbox 801 840 957 870; x_wconf 84' lang='lat' dir='ltr'>mutata.</span> 
     </span>
     <span class='ocr_line' id='line_1_19' title="bbox 361 886 959 943; baseline -0.017 -10"><span class='ocrx_word' id='word_1_70' title='bbox 361 894 455 943; x_wconf 82' lang='lat'><strong>689.</strong></span> <span class='ocrx_word' id='word_1_71' title='bbox 489 901 550 931; x_wconf 88' lang='lat'>11.</span> <span class='ocrx_word' id='word_1_72' title='bbox 617 886 792 929; x_wconf 87' lang='lat' dir='ltr'>Comitia</span> <span class='ocrx_word' id='word_1_73' title='bbox 835 887 959 937; x_wconf 86' lang='lat' dir='ltr'>impe-</span> 
     </span>
    </p>
   </div>
   <div class='ocr_carea' id='block_1_11' title="bbox 1062 548 1667 881">
    <p class='ocr_par' dir='ltr' id='par_1_11' title="bbox 1062 548 1667 881">
     <span class='ocr_line' id='line_1_20' title="bbox 1062 548 1662 600; baseline -0.003 -11"><span class='ocrx_word' id='word_1_74' title='bbox 1062 552 1166 597; x_wconf 85' lang='lat' dir='ltr'>aliis,</span> <span class='ocrx_word' id='word_1_75' title='bbox 1205 561 1243 588; x_wconf 78' lang='lat' dir='ltr'>et</span> <span class='ocrx_word' id='word_1_76' title='bbox 1264 562 1364 600; x_wconf 87' lang='lat' dir='ltr'>quae</span> <span class='ocrx_word' id='word_1_77' title='bbox 1382 563 1402 587; x_wconf 88' lang='lat' dir='ltr'>a</span> <span class='ocrx_word' id='word_1_78' title='bbox 1424 549 1587 588; x_wconf 85' lang='lat' dir='ltr'>Romulo</span> <span class='ocrx_word' id='word_1_79' title='bbox 1606 548 1662 587; x_wconf 84' lang='lat' dir='ltr'>la-</span> 
     </span>
     <span class='ocr_line' id='line_1_21' title="bbox 1064 604 1662 658; baseline -0.008 -11"><span class='ocrx_word' id='word_1_80' title='bbox 1064 619 1137 647; x_wconf 84' lang='lat' dir='ltr'>tae.</span> <span class='ocrx_word' id='word_1_81' title='bbox 1161 613 1252 658; x_wconf 80' lang='lat'><strong>285.</strong></span> <span class='ocrx_word' id='word_1_82' title='bbox 1275 606 1337 644; x_wconf 88' lang='lat' dir='ltr'>vlt.</span> <span class='ocrx_word' id='word_1_83' title='bbox 1358 611 1449 652; x_wconf 86' lang='lat'><strong>287.</strong></span> <span class='ocrx_word' id='word_1_84' title='bbox 1473 617 1567 656; x_wconf 88' lang='lat' dir='ltr'>pen.</span> <span class='ocrx_word' id='word_1_85' title='bbox 1616 604 1662 643; x_wconf 85' lang='lat' dir='ltr'>in</span> 
     </span>
     <span class='ocr_line' id='line_1_22' title="bbox 1065 657 1664 713; baseline -0.008 -10"><span class='ocrx_word' id='word_1_86' title='bbox 1065 663 1272 703; x_wconf 89' lang='lat' dir='ltr'>connubiis</span> <span class='ocrx_word' id='word_1_87' title='bbox 1308 657 1521 713; x_wconf 87' lang='lat' dir='ltr'>spondetur</span> <span class='ocrx_word' id='word_1_88' title='bbox 1558 660 1664 713; x_wconf 77' lang='lat' dir='ltr'>ignis</span> 
     </span>
     <span class='ocr_line' id='line_1_23' title="bbox 1068 716 1664 769; baseline -0.007 -10"><span class='ocrx_word' id='word_1_89' title='bbox 1068 730 1107 759; x_wconf 87' lang='lat' dir='ltr'>et</span> <span class='ocrx_word' id='word_1_90' title='bbox 1124 731 1248 769; x_wconf 86' lang='lat' dir='ltr'>aquae</span> <span class='ocrx_word' id='word_1_91' title='bbox 1259 716 1590 769; x_wconf 58' lang='lat' dir='ltr'>communioss301.</span> <span class='ocrx_word' id='word_1_92' title='bbox 1602 727 1664 757; x_wconf 89' lang='lat'><strong>10.</strong></span> 
     </span>
     <span class='ocr_line' id='line_1_24' title="bbox 1068 772 1667 825; baseline -0.005 -12"><span class='ocrx_word' id='word_1_93' title='bbox 1068 775 1267 813; x_wconf 86' lang='lat' dir='ltr'>connubia</span> <span class='ocrx_word' id='word_1_94' title='bbox 1294 773 1461 825; x_wconf 86' lang='lat' dir='ltr'>patriciis</span> <span class='ocrx_word' id='word_1_95' title='bbox 1479 786 1564 811; x_wconf 88' lang='lat' dir='ltr'>curn</span> <span class='ocrx_word' id='word_1_96' title='bbox 1584 772 1667 824; x_wconf 87' lang='lat' dir='ltr'>ple-</span> 
     </span>
     <span class='ocr_line' id='line_1_25' title="bbox 1066 829 1664 881; baseline -0.007 -11"><span class='ocrx_word' id='word_1_97' title='bbox 1066 830 1164 870; x_wconf 87' lang='lat' dir='ltr'>beiis</span> <span class='ocrx_word' id='word_1_98' title='bbox 1211 829 1423 870; x_wconf 66' lang='lat' dir='ltr'>interdieta.</span> <span class='ocrx_word' id='word_1_99' title='bbox 1471 840 1591 881; x_wconf 84' lang='lat'><strong>2154.</strong></span> <span class='ocrx_word' id='word_1_100' title='bbox 1626 831 1664 876; x_wconf 84' lang='lat'><strong>8.</strong></span> 
     </span>
    </p>
   </div>
   <div class='ocr_carea' id='block_1_12' title="bbox 1463 891 1663 931">
    <p class='ocr_par' dir='ltr' id='par_1_12' title="bbox 1463 891 1663 931">
     <span class='ocr_line' id='line_1_26' title="bbox 1463 891 1663 931; baseline -0.025 -4"><span class='ocrx_word' id='word_1_101' title='bbox 1463 891 1585 931; x_wconf 78' lang='lat'><strong>2228.</strong></span> <span class='ocrx_word' id='word_1_102' title='bbox 1599 894 1663 924; x_wconf 83' lang='lat'>11.</span> 
     </span>
    </p>
   </div>
   <div class='ocr_carea' id='block_1_13' title="bbox 362 939 1666 995">
    <p class='ocr_par' dir='ltr' id='par_1_13' title="bbox 362 939 1666 995">
     <span class='ocr_line' id='line_1_27' title="bbox 362 939 1666 995; baseline -0.006 -9"><span class='ocrx_word' id='word_1_103' title='bbox 362 947 525 986; x_wconf 88' lang='lat' dir='ltr'>diuntur</span> <span class='ocrx_word' id='word_1_104' title='bbox 542 959 563 983; x_wconf 89' lang='lat' dir='ltr'>a</span> <span class='ocrx_word' id='word_1_105' title='bbox 582 943 668 982; x_wconf 88' lang='lat' dir='ltr'>trib.</span> <span class='ocrx_word' id='word_1_106' title='bbox 689 943 738 994; x_wconf 83' lang='lat' dir='ltr'>pl.</span> <span class='ocrx_word' id='word_1_107' title='bbox 763 952 958 995; x_wconf 71' lang='lat'><strong>173215.</strong></span> <span class='ocrx_word' id='word_1_108' title='bbox 1016 941 1242 984; x_wconf 85' lang='lat' dir='ltr'>Coniuratio</span> <span class='ocrx_word' id='word_1_109' title='bbox 1279 950 1410 980; x_wconf 84' lang='lat' dir='ltr'>contra</span> <span class='ocrx_word' id='word_1_110' title='bbox 1447 939 1566 991; x_wconf 82' lang='lat' dir='ltr'>rernp.</span> <span class='ocrx_word' id='word_1_111' title='bbox 1591 951 1666 991; x_wconf 87' lang='lat' dir='ltr'>pro</span> 
     </span>
    </p>
   </div>
   <div class='ocr_carea' id='block_1_14' title="bbox 313 995 974 2674">
    <p class='ocr_par' dir='ltr' id='par_1_14' title="bbox 313 995 974 2674">
     <span class='ocr_line' id='line_1_28' title="bbox 367 995 962 1043; baseline -0.015 0"><span class='ocrx_word' id='word_1_112' title='bbox 367 1001 630 1043; x_wconf 86' lang='lat' dir='ltr'>Comitiorum</span> <span class='ocrx_word' id='word_1_113' title='bbox 670 995 791 1038; x_wconf 83' lang='lat' dir='ltr'>cauffa</span> <span class='ocrx_word' id='word_1_114' title='bbox 815 1006 962 1035; x_wconf 84' lang='lat' dir='ltr'>creatus</span> 
     </span>
     <span class='ocr_line' id='line_1_29' title="bbox 359 1054 962 1105; baseline -0.013 -8"><span class='ocrx_word' id='word_1_115' title='bbox 359 1056 557 1099; x_wconf 84' lang='lat' dir='ltr'>interdum</span> <span class='ocrx_word' id='word_1_116' title='bbox 587 1054 755 1094; x_wconf 58' lang='lat' dir='ltr'>difiator.</span> <span class='ocrx_word' id='word_1_117' title='bbox 788 1065 904 1105; x_wconf 83' lang='lat'><strong>1733.</strong></span> <span class='ocrx_word' id='word_1_118' title='bbox 926 1059 962 1100; x_wconf 80' lang='lat'><strong>8.</strong></span> 
     </span>
     <span class='ocr_line' id='line_1_30' title="bbox 365 1108 964 1155; baseline -0.015 0"><span class='ocrx_word' id='word_1_119' title='bbox 365 1113 533 1155; x_wconf 84' lang='lat' dir='ltr'>Comitia</span> <span class='ocrx_word' id='word_1_120' title='bbox 561 1108 670 1149; x_wconf 89' lang='lat' dir='ltr'>solito</span> <span class='ocrx_word' id='word_1_121' title='bbox 699 1110 882 1148; x_wconf 80' lang='lat' dir='ltr'>maturius</span> <span class='ocrx_word' id='word_1_122' title='bbox 908 1108 964 1146; x_wconf 92' lang='lat' dir='ltr'>in-</span> 
     </span>
     <span class='ocr_line' id='line_1_31' title="bbox 364 1165 963 1218; baseline -0.013 -9"><span class='ocrx_word' id='word_1_123' title='bbox 364 1170 473 1209; x_wconf 57' lang='lat' dir='ltr'>dieta.</span> <span class='ocrx_word' id='word_1_124' title='bbox 493 1169 614 1218; x_wconf 81' lang='lat'><strong>2136.</strong></span> <span class='ocrx_word' id='word_1_125' title='bbox 636 1173 674 1216; x_wconf 82' lang='lat'><strong>8.</strong></span> <span class='ocrx_word' id='word_1_126' title='bbox 705 1165 963 1206; x_wconf 87' lang='lat' dir='ltr'>Comitiorurn</span> 
     </span>
     <span class='ocr_line' id='line_1_32' title="bbox 368 1220 965 1275; baseline -0.013 -10"><span class='ocrx_word' id='word_1_127' title='bbox 368 1226 418 1266; x_wconf 90' lang='lat' dir='ltr'>ad</span> <span class='ocrx_word' id='word_1_128' title='bbox 447 1223 635 1264; x_wconf 84' lang='lat' dir='ltr'>creandos</span> <span class='ocrx_word' id='word_1_129' title='bbox 653 1221 891 1275; x_wconf 76' lang='lat' dir='ltr'>magistratus</span> <span class='ocrx_word' id='word_1_130' title='bbox 911 1220 965 1258; x_wconf 92' lang='lat' dir='ltr'>lo-</span> 
     </span>
     <span class='ocr_line' id='line_1_33' title="bbox 368 1284 964 1328; baseline -0.012 -7"><span class='ocrx_word' id='word_1_131' title='bbox 368 1294 446 1321; x_wconf 86' lang='lat' dir='ltr'>cus.</span> <span class='ocrx_word' id='word_1_132' title='bbox 820 1284 910 1328; x_wconf 85' lang='lat'><strong>840.</strong></span> <span class='ocrx_word' id='word_1_133' title='bbox 927 1288 964 1328; x_wconf 86' lang='lat'><strong>3.</strong></span> 
     </span>
     <span class='ocr_line' id='line_1_34' title="bbox 313 1335 965 1389; baseline -0.014 -11"><span class='ocrx_word' id='word_1_134' title='bbox 313 1337 505 1389; x_wconf 85' lang='lat' dir='ltr'>Compita,</span> <span class='ocrx_word' id='word_1_135' title='bbox 524 1342 665 1374; x_wconf 67' lang='grc' dir='ltr'>ςενωποὶ,</span> <span class='ocrx_word' id='word_1_136' title='bbox 764 1335 858 1384; x_wconf 88' lang='lat'><strong><em>672.</em></strong></span> <span class='ocrx_word' id='word_1_137' title='bbox 873 1343 965 1383; x_wconf 88' lang='lat' dir='ltr'>pen.</span> 
     </span>
     <span class='ocr_line' id='line_1_35' title="bbox 313 1385 966 1445; baseline -0.017 -9"><span class='ocrx_word' id='word_1_138' title='bbox 313 1393 591 1445; x_wconf 83' lang='lat' dir='ltr'>Compitalium</span> <span class='ocrx_word' id='word_1_139' title='bbox 618 1389 827 1443; x_wconf 86' lang='lat' dir='ltr'>geniorum</span> <span class='ocrx_word' id='word_1_140' title='bbox 855 1385 966 1427; x_wconf 88' lang='lat' dir='ltr'>sacel-</span> 
     </span>
     <span class='ocr_line' id='line_1_36' title="bbox 365 1445 967 1498; baseline -0.015 -8"><span class='ocrx_word' id='word_1_141' title='bbox 365 1451 413 1496; x_wconf 84' lang='lat' dir='ltr'>la,</span> <span class='ocrx_word' id='word_1_142' title='bbox 434 1459 474 1487; x_wconf 87' lang='lat' dir='ltr'>et</span> <span class='ocrx_word' id='word_1_143' title='bbox 492 1445 601 1487; x_wconf 84' lang='lat' dir='ltr'>sacra.</span> <span class='ocrx_word' id='word_1_144' title='bbox 622 1451 699 1498; x_wconf 92' lang='lat'>671</span> <span class='ocrx_word' id='word_1_145' title='bbox 708 1457 820 1496; x_wconf 75' lang='lat' dir='ltr'>-pen,</span> <span class='ocrx_word' id='word_1_146' title='bbox 851 1445 967 1486; x_wconf 87' lang='lat' dir='ltr'>Com-</span> 
     </span>
     <span class='ocr_line' id='line_1_37' title="bbox 369 1499 967 1557; baseline -0.012 -13"><span class='ocrx_word' id='word_1_147' title='bbox 369 1505 548 1557; x_wconf 81' lang='lat' dir='ltr'>pitalium</span> <span class='ocrx_word' id='word_1_148' title='bbox 569 1499 755 1541; x_wconf 82' lang='lat' dir='ltr'>sacrorum</span> <span class='ocrx_word' id='word_1_149' title='bbox 767 1512 918 1550; x_wconf 87' lang='lat' dir='ltr'>tempus</span> <span class='ocrx_word' id='word_1_150' title='bbox 928 1508 967 1538; x_wconf 83' lang='lat' dir='ltr'>et</span> 
     </span>
     <span class='ocr_line' id='line_1_38' title="bbox 370 1558 965 1607; baseline -0.012 -6"><span class='ocrx_word' id='word_1_151' title='bbox 370 1559 604 1601; x_wconf 79' lang='lat' dir='ltr'>solemnitas.</span> <span class='ocrx_word' id='word_1_152' title='bbox 823 1559 915 1607; x_wconf 78' lang='lat'><strong>672.</strong></span> <span class='ocrx_word' id='word_1_153' title='bbox 926 1558 965 1598; x_wconf 88' lang='lat'>6.</span> 
     </span>
     <span class='ocr_line' id='line_1_39' title="bbox 316 1611 964 1667; baseline -0.014 -11"><span class='ocrx_word' id='word_1_154' title='bbox 316 1615 538 1667; x_wconf 86' lang='lat' dir='ltr'>Conceptio</span> <span class='ocrx_word' id='word_1_155' title='bbox 561 1626 584 1653; x_wconf 83' lang='lat' dir='ltr'>e</span> <span class='ocrx_word' id='word_1_156' title='bbox 603 1611 757 1664; x_wconf 66' lang='lat' dir='ltr'>spectro.</span> <span class='ocrx_word' id='word_1_157' title='bbox 823 1615 915 1665; x_wconf 89' lang='lat'><strong>637.</strong></span> <span class='ocrx_word' id='word_1_158' title='bbox 929 1624 964 1664; x_wconf 85' lang='lat'><strong>3.</strong></span> 
     </span>
     <span class='ocr_line' id='line_1_40' title="bbox 318 1670 965 1721; baseline -0.015 -6"><span class='ocrx_word' id='word_1_159' title='bbox 318 1672 535 1715; x_wconf 87' lang='lat' dir='ltr'>Concionis</span> <span class='ocrx_word' id='word_1_160' title='bbox 552 1670 671 1709; x_wconf 87' lang='lat' dir='ltr'>locus.</span> <span class='ocrx_word' id='word_1_161' title='bbox 692 1679 851 1721; x_wconf 76' lang='lat'>34¹·11·</span> <span class='ocrx_word' id='word_1_162' title='bbox 873 1673 965 1714; x_wconf 76' lang='lat'><strong>322.</strong></span> 
     </span>
     <span class='ocr_line' id='line_1_41' title="bbox 372 1721 969 1779; baseline -0.01 -13"><span class='ocrx_word' id='word_1_163' title='bbox 372 1736 408 1779; x_wconf 77' lang='grc'><strong>3.</strong></span> <span class='ocrx_word' id='word_1_164' title='bbox 427 1727 639 1766; x_wconf 87' lang='lat' dir='ltr'>conciones</span> <span class='ocrx_word' id='word_1_165' title='bbox 661 1722 903 1762; x_wconf 87' lang='lat' dir='ltr'>habebantur</span> <span class='ocrx_word' id='word_1_166' title='bbox 921 1721 969 1761; x_wconf 83' lang='lat' dir='ltr'>ad</span> 
     </span>
     <span class='ocr_line' id='line_1_42' title="bbox 369 1783 967 1833; baseline -0.017 -8"><span class='ocrx_word' id='word_1_167' title='bbox 369 1783 553 1825; x_wconf 84' lang='lat' dir='ltr'><strong>Vulcani.</strong></span> <span class='ocrx_word' id='word_1_168' title='bbox 585 1793 748 1833; x_wconf 81' lang='lat'><strong>1193.3.</strong></span> <span class='ocrx_word' id='word_1_169' title='bbox 777 1789 967 1832; x_wconf 84' lang='lat'><strong>1351.13.</strong></span> 
     </span>
     <span class='ocr_line' id='line_1_43' title="bbox 369 1834 968 1893; baseline -0.015 -13"><span class='ocrx_word' id='word_1_170' title='bbox 369 1851 492 1893; x_wconf 82' lang='lat'><strong>2255.</strong></span> <span class='ocrx_word' id='word_1_171' title='bbox 513 1851 549 1891; x_wconf 86' lang='lat'><strong>3.</strong></span> <span class='ocrx_word' id='word_1_172' title='bbox 578 1837 715 1876; x_wconf 75' lang='lat' dir='ltr'>concio</span> <span class='ocrx_word' id='word_1_173' title='bbox 737 1850 756 1872; x_wconf 81' lang='lat' dir='ltr'>a</span> <span class='ocrx_word' id='word_1_174' title='bbox 773 1834 968 1886; x_wconf 86' lang='lat' dir='ltr'>praeconi·</span> 
     </span>
     <span class='ocr_line' id='line_1_44' title="bbox 374 1891 966 1943; baseline -0.012 -8"><span class='ocrx_word' id='word_1_175' title='bbox 374 1897 446 1935; x_wconf 85' lang='lat' dir='ltr'>bus</span> <span class='ocrx_word' id='word_1_176' title='bbox 467 1893 621 1934; x_wconf 89' lang='lat' dir='ltr'>vicatim</span> <span class='ocrx_word' id='word_1_177' title='bbox 643 1891 860 1931; x_wconf 79' lang='lat' dir='ltr'>aduncatur.</span> <span class='ocrx_word' id='word_1_178' title='bbox 872 1902 966 1943; x_wconf 88' lang='lat'><strong>733.</strong></span> 
     </span>
     <span class='ocr_line' id='line_1_45' title="bbox 378 1948 970 2005; baseline -0.019 -11"><span class='ocrx_word' id='word_1_179' title='bbox 378 1962 442 2005; x_wconf 88' lang='lat'>14.</span> <span class='ocrx_word' id='word_1_180' title='bbox 460 1956 551 1998; x_wconf 85' lang='grc'><strong>822.</strong></span> <span class='ocrx_word' id='word_1_181' title='bbox 571 1952 609 1992; x_wconf 91' lang='grc'>6-</span> <span class='ocrx_word' id='word_1_182' title='bbox 629 1956 720 2001; x_wconf 71' lang='grc'><strong>931.</strong></span> <span class='ocrx_word' id='word_1_183' title='bbox 747 1959 777 1987; x_wconf 93' lang='lat'><strong>1.</strong></span> <span class='ocrx_word' id='word_1_184' title='bbox 818 1948 970 1986; x_wconf 86' lang='lat' dir='ltr'>concio-</span> 
     </span>
     <span class='ocr_line' id='line_1_46' title="bbox 379 2003 970 2053; baseline -0.014 -6"><span class='ocrx_word' id='word_1_185' title='bbox 379 2007 440 2047; x_wconf 85' lang='lat' dir='ltr'>nis</span> <span class='ocrx_word' id='word_1_186' title='bbox 470 2003 744 2045; x_wconf 81' lang='lat' dir='ltr'>conuocandae</span> <span class='ocrx_word' id='word_1_187' title='bbox 771 2003 827 2042; x_wconf 85' lang='lat' dir='ltr'>ius</span> <span class='ocrx_word' id='word_1_188' title='bbox 847 2014 970 2053; x_wconf 85' lang='lat' dir='ltr'>penes</span> 
     </span>
     <span class='ocr_line' id='line_1_47' title="bbox 377 2060 970 2113; baseline -0.01 -12"><span class='ocrx_word' id='word_1_189' title='bbox 377 2060 498 2102; x_wconf 87' lang='lat' dir='ltr'>solum</span> <span class='ocrx_word' id='word_1_190' title='bbox 527 2060 797 2113; x_wconf 81' lang='lat' dir='ltr'>magistratum.</span> <span class='ocrx_word' id='word_1_191' title='bbox 825 2066 916 2108; x_wconf 71' lang='lat'><strong>312.</strong></span> <span class='ocrx_word' id='word_1_192' title='bbox 933 2070 970 2111; x_wconf 88' lang='lat'>9.</span> 
     </span>
     <span class='ocr_line' id='line_1_48' title="bbox 376 2115 970 2157; baseline -0.008 0"><span class='ocrx_word' id='word_1_193' title='bbox 376 2118 575 2157; x_wconf 86' lang='lat' dir='ltr'>concionis</span> <span class='ocrx_word' id='word_1_194' title='bbox 603 2115 880 2155; x_wconf 74' lang='lat' dir='ltr'>conuocandae</span> <span class='ocrx_word' id='word_1_195' title='bbox 911 2115 970 2153; x_wconf 87' lang='lat' dir='ltr'>ius</span> 
     </span>
     <span class='ocr_line' id='line_1_49' title="bbox 376 2170 973 2227; baseline -0.012 -13"><span class='ocrx_word' id='word_1_196' title='bbox 376 2186 501 2227; x_wconf 83' lang='lat' dir='ltr'>penes</span> <span class='ocrx_word' id='word_1_197' title='bbox 522 2170 705 2211; x_wconf 80' lang='lat' dir='ltr'>consules.</span> <span class='ocrx_word' id='word_1_198' title='bbox 729 2171 917 2223; x_wconf 75' lang='lat' dir='ltr'><strong>1732.vlt.</strong></span> <span class='ocrx_word' id='word_1_199' title='bbox 949 2182 973 2208; x_wconf 92' lang='lat' dir='ltr'>e</span> 
     </span>
     <span class='ocr_line' id='line_1_50' title="bbox 380 2227 971 2278; baseline -0.01 -10"><span class='ocrx_word' id='word_1_200' title='bbox 380 2229 574 2268; x_wconf 81' lang='lat' dir='ltr'>concione</span> <span class='ocrx_word' id='word_1_201' title='bbox 592 2227 782 2267; x_wconf 82' lang='lat' dir='ltr'>excedere</span> <span class='ocrx_word' id='word_1_202' title='bbox 796 2227 971 2278; x_wconf 84' lang='lat' dir='ltr'>Appium</span> 
     </span>
     <span class='ocr_line' id='line_1_51' title="bbox 377 2281 969 2332; baseline -0.014 -7"><span class='ocrx_word' id='word_1_203' title='bbox 377 2281 574 2325; x_wconf 85' lang='lat' dir='ltr'>consulem</span> <span class='ocrx_word' id='word_1_204' title='bbox 592 2283 701 2321; x_wconf 85' lang='lat' dir='ltr'>iubet</span> <span class='ocrx_word' id='word_1_205' title='bbox 721 2282 893 2321; x_wconf 88' lang='lat' dir='ltr'>tribunus</span> <span class='ocrx_word' id='word_1_206' title='bbox 919 2281 969 2332; x_wconf 92' lang='lat' dir='ltr'>pl.</span> 
     </span>
     <span class='ocr_line' id='line_1_52' title="bbox 381 2337 974 2393; baseline -0.012 -13"><span class='ocrx_word' id='word_1_207' title='bbox 381 2347 501 2393; x_wconf 79' lang='lat'><strong>1873.</strong></span> <span class='ocrx_word' id='word_1_208' title='bbox 515 2343 552 2382; x_wconf 86' lang='lat'><strong>6.</strong></span> <span class='ocrx_word' id='word_1_209' title='bbox 569 2351 638 2389; x_wconf 78' lang='lat' dir='ltr'>pro</span> <span class='ocrx_word' id='word_1_210' title='bbox 659 2339 847 2377; x_wconf 86' lang='lat' dir='ltr'>concione</span> <span class='ocrx_word' id='word_1_211' title='bbox 859 2337 974 2375; x_wconf 84' lang='lat' dir='ltr'>verba</span> 
     </span>
     <span class='ocr_line' id='line_1_53' title="bbox 376 2393 972 2444; baseline -0.012 -8"><span class='ocrx_word' id='word_1_212' title='bbox 376 2396 503 2437; x_wconf 81' lang='lat' dir='ltr'>facere</span> <span class='ocrx_word' id='word_1_213' title='bbox 532 2408 613 2435; x_wconf 86' lang='lat' dir='ltr'>non</span> <span class='ocrx_word' id='word_1_214' title='bbox 648 2394 786 2432; x_wconf 80' lang='lat' dir='ltr'>licebat</span> <span class='ocrx_word' id='word_1_215' title='bbox 815 2393 972 2444; x_wconf 79' lang='lat' dir='ltr'>priuato.</span> 
     </span>
     <span class='ocr_line' id='line_1_54' title="bbox 381 2449 970 2504; baseline -0.012 -13"><span class='ocrx_word' id='word_1_216' title='bbox 381 2459 472 2504; x_wconf 75' lang='lat'><strong>870.</strong></span> <span class='ocrx_word' id='word_1_217' title='bbox 491 2457 528 2500; x_wconf 81' lang='lat'><strong>8.</strong></span> <span class='ocrx_word' id='word_1_218' title='bbox 550 2451 685 2489; x_wconf 89' lang='lat' dir='ltr'>concio</span> <span class='ocrx_word' id='word_1_219' title='bbox 706 2449 884 2487; x_wconf 88' lang='lat' dir='ltr'>concioni</span> <span class='ocrx_word' id='word_1_220' title='bbox 907 2459 970 2497; x_wconf 83' lang='lat' dir='ltr'>op-</span> 
     </span>
     <span class='ocr_line' id='line_1_55' title="bbox 382 2504 968 2559; baseline -0.012 -12"><span class='ocrx_word' id='word_1_221' title='bbox 382 2507 512 2559; x_wconf 79' lang='lat' dir='ltr'>pofita.</span> <span class='ocrx_word' id='word_1_222' title='bbox 532 2517 700 2558; x_wconf 84' lang='lat'><strong>2255.9.</strong></span> <span class='ocrx_word' id='word_1_223' title='bbox 732 2504 968 2542; x_wconf 88' lang='lat' dir='ltr'>concionum</span> 
     </span>
     <span class='ocr_line' id='line_1_56' title="bbox 381 2558 970 2612; baseline -0.012 -9"><span class='ocrx_word' id='word_1_224' title='bbox 381 2565 441 2603; x_wconf 89' lang='lat' dir='ltr'>ius</span> <span class='ocrx_word' id='word_1_225' title='bbox 477 2563 686 2603; x_wconf 80' lang='lat' dir='ltr'>restitutum</span> <span class='ocrx_word' id='word_1_226' title='bbox 713 2560 859 2612; x_wconf 88' lang='lat' dir='ltr'>populo</span> <span class='ocrx_word' id='word_1_227' title='bbox 886 2558 970 2610; x_wconf 90' lang='lat' dir='ltr'>post</span> 
     </span>
     <span class='ocr_line' id='line_1_57' title="bbox 380 2616 973 2674; baseline -0.003 -14"><span class='ocrx_word' id='word_1_228' title='bbox 380 2616 973 2674; x_wconf 75' lang='lat' dir='ltr'>expulsumTarquinium.847-8</span> 
     </span>
    </p>
   </div>
   <div class='ocr_carea' id='block_1_15' title="bbox 1023 1500 1268 1554">
    <p class='ocr_par' dir='ltr' id='par_1_15' title="bbox 1023 1500 1268 1554">
     <span class='ocr_line' id='line_1_58' title="bbox 1023 1500 1268 1554; baseline -0.012 -11"><span class='ocrx_word' id='word_1_229' title='bbox 1023 1500 1268 1554; x_wconf 78' lang='lat' dir='ltr'>Conspiratio</span> 
     </span>
    </p>
   </div>
   <div class='ocr_carea' id='block_1_16' title="bbox 1072 996 1673 1386">
    <p class='ocr_par' dir='ltr' id='par_1_16' title="bbox 1072 996 1673 1386">
     <span class='ocr_line' id='line_1_59' title="bbox 1073 996 1667 1048; baseline -0.005 -10"><span class='ocrx_word' id='word_1_230' title='bbox 1073 999 1186 1038; x_wconf 86' lang='lat' dir='ltr'>restit.</span> <span class='ocrx_word' id='word_1_231' title='bbox 1198 1009 1266 1048; x_wconf 88' lang='lat' dir='ltr'>tyr.</span> <span class='ocrx_word' id='word_1_232' title='bbox 1289 1000 1378 1048; x_wconf 81' lang='lat'><strong>856.</strong></span> <span class='ocrx_word' id='word_1_233' title='bbox 1392 1009 1429 1037; x_wconf 88' lang='lat'><strong>2.</strong></span> <span class='ocrx_word' id='word_1_234' title='bbox 1450 996 1667 1035; x_wconf 82' lang='lat' dir='ltr'>coniuratio</span> 
     </span>
     <span class='ocr_line' id='line_1_60' title="bbox 1072 1053 1667 1105; baseline -0.007 -12"><span class='ocrx_word' id='word_1_235' title='bbox 1072 1053 1264 1094; x_wconf 81' lang='lat' dir='ltr'>seruorum</span> <span class='ocrx_word' id='word_1_236' title='bbox 1286 1064 1416 1092; x_wconf 88' lang='lat' dir='ltr'>contra</span> <span class='ocrx_word' id='word_1_237' title='bbox 1435 1066 1514 1091; x_wconf 87' lang='lat' dir='ltr'>rem</span> <span class='ocrx_word' id='word_1_238' title='bbox 1547 1086 1555 1095; x_wconf 78' lang='grc'><strong><em>.</em></strong></span> <span class='ocrx_word' id='word_1_239' title='bbox 1569 1053 1667 1105; x_wconf 81' lang='lat'><strong>965.</strong></span> 
     </span>
     <span class='ocr_line' id='line_1_61' title="bbox 1078 1107 1670 1158; baseline -0.012 -6"><span class='ocrx_word' id='word_1_240' title='bbox 1078 1122 1139 1152; x_wconf 91' lang='lat'><strong>11.</strong></span> <span class='ocrx_word' id='word_1_241' title='bbox 1186 1110 1400 1148; x_wconf 80' lang='lat' dir='ltr'>coniuratio</span> <span class='ocrx_word' id='word_1_242' title='bbox 1423 1120 1509 1147; x_wconf 87' lang='lat' dir='ltr'>cont</span> <span class='ocrx_word' id='word_1_243' title='bbox 1571 1107 1670 1158; x_wconf 88' lang='lat' dir='ltr'>opti·</span> 
     </span>
     <span class='ocr_line' id='line_1_62' title="bbox 1073 1165 1670 1217; baseline -0.003 -12"><span class='ocrx_word' id='word_1_244' title='bbox 1073 1178 1212 1212; x_wconf 77' lang='lat' dir='ltr'>mates,</span> <span class='ocrx_word' id='word_1_245' title='bbox 1249 1178 1299 1204; x_wconf 87' lang='lat' dir='ltr'>ex</span> <span class='ocrx_word' id='word_1_246' title='bbox 1326 1165 1506 1217; x_wconf 82' lang='lat' dir='ltr'>ingenuis</span> <span class='ocrx_word' id='word_1_247' title='bbox 1526 1165 1670 1216; x_wconf 76' lang='lat' dir='ltr'>paritet</span> 
     </span>
     <span class='ocr_line' id='line_1_63' title="bbox 1076 1219 1671 1273; baseline -0.003 -12"><span class='ocrx_word' id='word_1_248' title='bbox 1076 1234 1116 1261; x_wconf 87' lang='lat' dir='ltr'>et</span> <span class='ocrx_word' id='word_1_249' title='bbox 1133 1219 1260 1260; x_wconf 82' lang='lat' dir='ltr'>seruis.</span> <span class='ocrx_word' id='word_1_250' title='bbox 1279 1233 1370 1273; x_wconf 92' lang='lat'><strong>970.</strong></span> <span class='ocrx_word' id='word_1_251' title='bbox 1388 1232 1447 1260; x_wconf 87' lang='lat'><strong>12.</strong></span> <span class='ocrx_word' id='word_1_252' title='bbox 1495 1221 1671 1259; x_wconf 84' lang='lat' dir='ltr'>coniura-</span> 
     </span>
     <span class='ocr_line' id='line_1_64' title="bbox 1076 1274 1673 1328; baseline -0.005 -11"><span class='ocrx_word' id='word_1_253' title='bbox 1076 1279 1193 1318; x_wconf 85' lang='lat' dir='ltr'>tionis</span> <span class='ocrx_word' id='word_1_254' title='bbox 1213 1276 1502 1328; x_wconf 77' lang='lat' dir='ltr'>inquifitionem</span> <span class='ocrx_word' id='word_1_255' title='bbox 1521 1275 1588 1314; x_wconf 80' lang='lat' dir='ltr'>fibi</span> <span class='ocrx_word' id='word_1_256' title='bbox 1606 1274 1673 1314; x_wconf 86' lang='lat' dir='ltr'>de·</span> 
     </span>
     <span class='ocr_line' id='line_1_65' title="bbox 1075 1331 1672 1386; baseline -0.005 -13"><span class='ocrx_word' id='word_1_257' title='bbox 1075 1331 1236 1386; x_wconf 85' lang='lat' dir='ltr'>poscunt</span> <span class='ocrx_word' id='word_1_258' title='bbox 1255 1332 1339 1371; x_wconf 88' lang='lat' dir='ltr'>trib.</span> <span class='ocrx_word' id='word_1_259' title='bbox 1360 1333 1414 1384; x_wconf 90' lang='lat' dir='ltr'>pl.</span> <span class='ocrx_word' id='word_1_260' title='bbox 1469 1343 1590 1372; x_wconf 84' lang='lat'><strong>2010.</strong></span> <span class='ocrx_word' id='word_1_261' title='bbox 1609 1342 1672 1384; x_wconf 85' lang='lat'>13.</span> 
     </span>
    </p>
   </div>
   <div class='ocr_carea' id='block_1_17' title="bbox 1022 1387 1671 1441">
    <p class='ocr_par' dir='ltr' id='par_1_17' title="bbox 1022 1387 1671 1441">
     <span class='ocr_line' id='line_1_66' title="bbox 1022 1387 1671 1441; baseline -0.003 -11"><span class='ocrx_word' id='word_1_262' title='bbox 1022 1391 1073 1441; x_wconf 88' lang='lat' dir='ltr'><strong>Q.</strong></span> <span class='ocrx_word' id='word_1_263' title='bbox 1085 1388 1299 1437; x_wconf 79' lang='lat' dir='ltr'>Considius,</span> <span class='ocrx_word' id='word_1_264' title='bbox 1319 1387 1404 1427; x_wconf 83' lang='lat' dir='ltr'>trib.</span> <span class='ocrx_word' id='word_1_265' title='bbox 1416 1388 1467 1439; x_wconf 91' lang='lat' dir='ltr'>pl.</span> <span class='ocrx_word' id='word_1_266' title='bbox 1481 1399 1496 1428; x_wconf 94' lang='lat'>1</span> <span class='ocrx_word' id='word_1_267' title='bbox 1506 1395 1527 1437; x_wconf 86' lang='lat'>8</span> <span class='ocrx_word' id='word_1_268' title='bbox 1538 1399 1597 1438; x_wconf 86' lang='lat'><strong>17.</strong></span> <span class='ocrx_word' id='word_1_269' title='bbox 1608 1398 1671 1441; x_wconf 84' lang='lat'>13.</span> 
     </span>
    </p>
   </div>
   <div class='ocr_carea' id='block_1_18' title="bbox 1076 1445 1673 1540">
    <p class='ocr_par' dir='ltr' id='par_1_18' title="bbox 1076 1445 1673 1540">
     <span class='ocr_line' id='line_1_67' title="bbox 1076 1445 1602 1486; baseline -0.01 -1"><span class='ocrx_word' id='word_1_270' title='bbox 1076 1446 1149 1485; x_wconf 88' lang='lat' dir='ltr'>vid.</span> <span class='ocrx_word' id='word_1_271' title='bbox 1176 1445 1390 1484; x_wconf 83' lang='lat' dir='ltr'>verfionem</span> <span class='ocrx_word' id='word_1_272' title='bbox 1408 1456 1447 1483; x_wconf 92' lang='lat' dir='ltr'>et</span> <span class='ocrx_word' id='word_1_273' title='bbox 1467 1455 1547 1486; x_wconf 77' lang='lat' dir='ltr'>not,</span> <span class='ocrx_word' id='word_1_274' title='bbox 1569 1457 1602 1481; x_wconf 91' lang='lat' dir='ltr'>o.</span> 
     </span>
     <span class='ocr_line' id='line_1_68' title="bbox 1351 1500 1673 1540; baseline -0.003 -2"><span class='ocrx_word' id='word_1_275' title='bbox 1351 1500 1673 1540; x_wconf 79' lang='lat' dir='ltr'>decemuirorum.</span> 
     </span>
    </p>
   </div>
   <div class='ocr_carea' id='block_1_19' title="bbox 1499 1561 1672 1607">
    <p class='ocr_par' dir='ltr' id='par_1_19' title="bbox 1499 1561 1672 1607">
     <span class='ocr_line' id='line_1_69' title="bbox 1499 1561 1672 1607; baseline -0.023 0"><span class='ocrx_word' id='word_1_276' title='bbox 1499 1567 1620 1607; x_wconf 79' lang='lat'><strong>2149·</strong></span> <span class='ocrx_word' id='word_1_277' title='bbox 1635 1561 1672 1603; x_wconf 81' lang='lat'>8·</span> 
     </span>
    </p>
   </div>
   <div class='ocr_carea' id='block_1_20' title="bbox 1024 1609 1673 1663">
    <p class='ocr_par' dir='ltr' id='par_1_20' title="bbox 1024 1609 1673 1663">
     <span class='ocr_line' id='line_1_70' title="bbox 1024 1609 1673 1663; baseline -0.003 -11"><span class='ocrx_word' id='word_1_278' title='bbox 1024 1609 1247 1659; x_wconf 79' lang='lat' dir='ltr'>Consualia,</span> <span class='ocrx_word' id='word_1_279' title='bbox 1284 1623 1430 1663; x_wconf 84' lang='lat' dir='ltr'>quaere</span> <span class='ocrx_word' id='word_1_280' title='bbox 1456 1611 1540 1663; x_wconf 87' lang='lat' dir='ltr'>post</span> <span class='ocrx_word' id='word_1_281' title='bbox 1565 1612 1673 1652; x_wconf 86' lang='lat' dir='ltr'>Con-</span> 
     </span>
    </p>
   </div>
   <div class='ocr_carea' id='block_1_21' title="bbox 1075 1667 1147 1708">
    <p class='ocr_par' dir='ltr' id='par_1_21' title="bbox 1075 1667 1147 1708">
     <span class='ocr_line' id='line_1_71' title="bbox 1075 1667 1147 1708; baseline -0.014 0"><span class='ocrx_word' id='word_1_282' title='bbox 1075 1667 1147 1708; x_wconf 81' lang='lat' dir='ltr'>sus.</span> 
     </span>
    </p>
   </div>
   <div class='ocr_carea' id='block_1_22' title="bbox 1023 1719 1675 1772">
    <p class='ocr_par' dir='ltr' id='par_1_22' title="bbox 1023 1719 1675 1772">
     <span class='ocr_line' id='line_1_72' title="bbox 1023 1719 1675 1772; baseline -0.006 -7"><span class='ocrx_word' id='word_1_283' title='bbox 1023 1723 1223 1772; x_wconf 84' lang='lat' dir='ltr'>Consules,</span> <span class='ocrx_word' id='word_1_284' title='bbox 1252 1721 1425 1770; x_wconf 67' lang='grc' dir='ltr'><strong><em>σύμβελοι,</em></strong></span> <span class='ocrx_word' id='word_1_285' title='bbox 1462 1719 1527 1761; x_wconf 83' lang='lat' dir='ltr'>seu</span> <span class='ocrx_word' id='word_1_286' title='bbox 1545 1722 1675 1769; x_wconf 58' lang='grc' dir='ltr'>πρόβα-</span> 
     </span>
    </p>
   </div>
   <div class='ocr_carea' id='block_1_23' title="bbox 1076 1778 1678 2614">
    <p class='ocr_par' dir='ltr' id='par_1_23' title="bbox 1076 1778 1678 2614">
     <span class='ocr_line' id='line_1_73' title="bbox 1076 1778 1675 1833; baseline 0 -15"><span class='ocrx_word' id='word_1_287' title='bbox 1076 1794 1134 1818; x_wconf 67' lang='grc' dir='ltr'><strong>Λοι.</strong></span> <span class='ocrx_word' id='word_1_288' title='bbox 1157 1786 1295 1832; x_wconf 81' lang='lat'><strong>821.9.</strong></span> <span class='ocrx_word' id='word_1_289' title='bbox 1310 1792 1371 1821; x_wconf 85' lang='lat'>10.</span> <span class='ocrx_word' id='word_1_290' title='bbox 1392 1785 1482 1832; x_wconf 88' lang='lat'><strong>844.</strong></span> <span class='ocrx_word' id='word_1_291' title='bbox 1495 1792 1530 1833; x_wconf 83' lang='lat'><strong>5.</strong></span> <span class='ocrx_word' id='word_1_292' title='bbox 1551 1778 1675 1818; x_wconf 83' lang='lat' dir='ltr'>iidem</span> 
     </span>
     <span class='ocr_line' id='line_1_74' title="bbox 1080 1833 1674 1883; baseline -0.005 -6"><span class='ocrx_word' id='word_1_293' title='bbox 1080 1847 1119 1877; x_wconf 83' lang='lat' dir='ltr'>et</span> <span class='ocrx_word' id='word_1_294' title='bbox 1145 1835 1273 1873; x_wconf 65' lang='grc' dir='ltr'><strong>ὕπατοι.</strong></span> <span class='ocrx_word' id='word_1_295' title='bbox 1309 1841 1399 1883; x_wconf 82' lang='grc' dir='ltr'><strong>82Ῑ.</strong></span> <span class='ocrx_word' id='word_1_296' title='bbox 1424 1846 1485 1876; x_wconf 88' lang='lat'>11.</span> <span class='ocrx_word' id='word_1_297' title='bbox 1515 1845 1554 1874; x_wconf 78' lang='lat' dir='ltr'>et</span> <span class='ocrx_word' id='word_1_298' title='bbox 1579 1833 1674 1874; x_wconf 73' lang='lat' dir='ltr'>alibi</span> 
     </span>
     <span class='ocr_line' id='line_1_75' title="bbox 1081 1889 1675 1944; baseline -0.002 -14"><span class='ocrx_word' id='word_1_299' title='bbox 1081 1892 1224 1944; x_wconf 79' lang='lat' dir='ltr'>passim.</span> <span class='ocrx_word' id='word_1_300' title='bbox 1261 1889 1450 1932; x_wconf 88' lang='lat' dir='ltr'>Consules</span> <span class='ocrx_word' id='word_1_301' title='bbox 1471 1890 1586 1942; x_wconf 88' lang='lat' dir='ltr'>primi</span> <span class='ocrx_word' id='word_1_302' title='bbox 1606 1889 1675 1929; x_wconf 88' lang='lat' dir='ltr'>de-</span> 
     </span>
     <span class='ocr_line' id='line_1_76' title="bbox 1078 1947 1672 2002; baseline -0.003 -15"><span class='ocrx_word' id='word_1_303' title='bbox 1078 1947 1213 2002; x_wconf 75' lang='lat' dir='ltr'>signati</span> <span class='ocrx_word' id='word_1_304' title='bbox 1225 1950 1262 1988; x_wconf 93' lang='lat' dir='ltr'><strong>L.</strong></span> <span class='ocrx_word' id='word_1_305' title='bbox 1274 1948 1405 1986; x_wconf 86' lang='lat' dir='ltr'>Iunius</span> <span class='ocrx_word' id='word_1_306' title='bbox 1415 1951 1565 1996; x_wconf 82' lang='lat' dir='ltr'>BrutuS‚</span> <span class='ocrx_word' id='word_1_307' title='bbox 1584 1957 1621 1985; x_wconf 89' lang='lat' dir='ltr'>et</span> <span class='ocrx_word' id='word_1_308' title='bbox 1630 1949 1672 1988; x_wconf 89' lang='lat' dir='ltr'><strong>L.</strong></span> 
     </span>
     <span class='ocr_line' id='line_1_77' title="bbox 1080 2004 1673 2055; baseline -0.007 -11"><span class='ocrx_word' id='word_1_309' title='bbox 1080 2004 1317 2055; x_wconf 83' lang='lat' dir='ltr'>Tarquinius</span> <span class='ocrx_word' id='word_1_310' title='bbox 1337 2004 1560 2045; x_wconf 82' lang='lat' dir='ltr'>Collatinus.</span> <span class='ocrx_word' id='word_1_311' title='bbox 1579 2009 1673 2052; x_wconf 83' lang='lat'><strong>821.</strong></span> 
     </span>
     <span class='ocr_line' id='line_1_78' title="bbox 1078 2056 1674 2112; baseline -0.002 -14"><span class='ocrx_word' id='word_1_312' title='bbox 1078 2064 1115 2104; x_wconf 89' lang='lat'><strong>6.</strong></span> <span class='ocrx_word' id='word_1_313' title='bbox 1146 2068 1234 2112; x_wconf 67' lang='lat'><strong>840.</strong></span> <span class='ocrx_word' id='word_1_314' title='bbox 1255 2063 1292 2102; x_wconf 89' lang='lat'><strong>6.</strong></span> <span class='ocrx_word' id='word_1_315' title='bbox 1339 2056 1537 2105; x_wconf 81' lang='lat' dir='ltr'>Consules,</span> <span class='ocrx_word' id='word_1_316' title='bbox 1565 2058 1674 2110; x_wconf 82' lang='lat' dir='ltr'>regia</span> 
     </span>
     <span class='ocr_line' id='line_1_79' title="bbox 1080 2114 1674 2169; baseline -0.007 -14"><span class='ocrx_word' id='word_1_317' title='bbox 1080 2116 1266 2169; x_wconf 86' lang='lat' dir='ltr'>potestate</span> <span class='ocrx_word' id='word_1_318' title='bbox 1286 2114 1462 2165; x_wconf 60' lang='lat' dir='ltr'>praedixi.</span> <span class='ocrx_word' id='word_1_319' title='bbox 1489 2119 1674 2165; x_wconf 81' lang='lat'><strong>1188.14.</strong></span> 
     </span>
     <span class='ocr_line' id='line_1_80' title="bbox 1083 2169 1677 2224; baseline -0.007 -13"><span class='ocrx_word' id='word_1_320' title='bbox 1083 2173 1190 2224; x_wconf 82' lang='lat' dir='ltr'>regia</span> <span class='ocrx_word' id='word_1_321' title='bbox 1226 2169 1388 2222; x_wconf 80' lang='lat' dir='ltr'>infignia</span> <span class='ocrx_word' id='word_1_322' title='bbox 1426 2169 1559 2219; x_wconf 78' lang='lat' dir='ltr'>partim</span> <span class='ocrx_word' id='word_1_323' title='bbox 1584 2169 1677 2208; x_wconf 87' lang='lat' dir='ltr'>reti·</span> 
     </span>
     <span class='ocr_line' id='line_1_81' title="bbox 1085 2222 1673 2277; baseline -0.005 -10"><span class='ocrx_word' id='word_1_324' title='bbox 1085 2239 1228 2276; x_wconf 87' lang='lat' dir='ltr'>nuere,</span> <span class='ocrx_word' id='word_1_325' title='bbox 1275 2227 1414 2276; x_wconf 87' lang='lat' dir='ltr'>partim</span> <span class='ocrx_word' id='word_1_326' title='bbox 1444 2222 1673 2277; x_wconf 86' lang='lat' dir='ltr'>deposuere.</span> 
     </span>
     <span class='ocr_line' id='line_1_82' title="bbox 1083 2289 1673 2345; baseline 0 -26"><span class='ocrx_word' id='word_1_327' title='bbox 1083 2294 1174 2336; x_wconf 81' lang='lat'><strong>570.</strong></span> <span class='ocrx_word' id='word_1_328' title='bbox 1199 2293 1260 2333; x_wconf 82' lang='lat'>14.</span> <span class='ocrx_word' id='word_1_329' title='bbox 1304 2289 1449 2344; x_wconf 40' lang='lat'><strong>81731.</strong></span> <span class='ocrx_word' id='word_1_330' title='bbox 1483 2293 1612 2345; x_wconf 36' lang='lat'><strong>&#39;1029.</strong></span> <span class='ocrx_word' id='word_1_331' title='bbox 1633 2292 1673 2333; x_wconf 88' lang='lat'><strong>4.</strong></span> 
     </span>
     <span class='ocr_line' id='line_1_83' title="bbox 1081 2349 1678 2388; baseline -0.008 -9"><span class='ocrx_word' id='word_1_332' title='bbox 1081 2349 1203 2388; x_wconf 80' lang='lat'><strong>2151.</strong></span> <span class='ocrx_word' id='word_1_333' title='bbox 1227 2350 1263 2378; x_wconf 91' lang='lat'><strong>2.</strong></span> <span class='ocrx_word' id='word_1_334' title='bbox 1312 2349 1511 2377; x_wconf 79' lang='lat' dir='ltr'>concionis</span> <span class='ocrx_word' id='word_1_335' title='bbox 1531 2349 1678 2375; x_wconf 90' lang='lat' dir='ltr'>conuo-</span> 
     </span>
     <span class='ocr_line' id='line_1_84' title="bbox 1082 2393 1676 2445; baseline -0.003 -13"><span class='ocrx_word' id='word_1_336' title='bbox 1082 2393 1228 2432; x_wconf 86' lang='lat' dir='ltr'>candae</span> <span class='ocrx_word' id='word_1_337' title='bbox 1265 2404 1304 2432; x_wconf 89' lang='lat' dir='ltr'>et</span> <span class='ocrx_word' id='word_1_338' title='bbox 1341 2394 1476 2432; x_wconf 86' lang='lat' dir='ltr'>calculi</span> <span class='ocrx_word' id='word_1_339' title='bbox 1515 2393 1676 2445; x_wconf 83' lang='lat' dir='ltr'>permit-</span> 
     </span>
     <span class='ocr_line' id='line_1_85' title="bbox 1079 2449 1674 2502; baseline -0.002 -14"><span class='ocrx_word' id='word_1_340' title='bbox 1079 2450 1187 2489; x_wconf 85' lang='lat' dir='ltr'>tendi</span> <span class='ocrx_word' id='word_1_341' title='bbox 1212 2451 1269 2488; x_wconf 86' lang='lat' dir='ltr'>ius</span> <span class='ocrx_word' id='word_1_342' title='bbox 1288 2449 1443 2488; x_wconf 85' lang='lat' dir='ltr'>habent.</span> <span class='ocrx_word' id='word_1_343' title='bbox 1478 2459 1589 2502; x_wconf 86' lang='lat'>¹732·</span> <span class='ocrx_word' id='word_1_344' title='bbox 1609 2449 1674 2487; x_wconf 90' lang='lat' dir='ltr'>vlt.</span> 
     </span>
     <span class='ocr_line' id='line_1_86' title="bbox 1078 2506 1678 2555; baseline -0.003 -11"><span class='ocrx_word' id='word_1_345' title='bbox 1078 2508 1135 2544; x_wconf 84' lang='lat' dir='ltr'>ius</span> <span class='ocrx_word' id='word_1_346' title='bbox 1157 2506 1356 2552; x_wconf 82' lang='lat' dir='ltr'>dicebant,</span> <span class='ocrx_word' id='word_1_347' title='bbox 1383 2517 1421 2544; x_wconf 86' lang='lat' dir='ltr'>vt</span> <span class='ocrx_word' id='word_1_348' title='bbox 1440 2506 1531 2543; x_wconf 86' lang='lat' dir='ltr'>olim</span> <span class='ocrx_word' id='word_1_349' title='bbox 1550 2515 1678 2555; x_wconf 66' lang='lat' dir='ltr'>reges.</span> 
     </span>
     <span class='ocr_line' id='line_1_87' title="bbox 1087 2559 1675 2614; baseline -0.01 -12"><span class='ocrx_word' id='word_1_350' title='bbox 1087 2567 1278 2614; x_wconf 74' lang='lat'><strong>198213.</strong></span> <span class='ocrx_word' id='word_1_351' title='bbox 1300 2559 1456 2601; x_wconf 87' lang='lat' dir='ltr'>Consuli</span> <span class='ocrx_word' id='word_1_352' title='bbox 1470 2561 1573 2612; x_wconf 85' lang='lat' dir='ltr'>pacis</span> <span class='ocrx_word' id='word_1_353' title='bbox 1585 2571 1675 2597; x_wconf 90' lang='lat' dir='ltr'>cum</span> 
     </span>
    </p>
   </div>
   <div class='ocr_carea' id='block_1_24' title="bbox 1084 2615 1678 2723">
    <p class='ocr_par' dir='ltr' id='par_1_24' title="bbox 1084 2615 1678 2723">
     <span class='ocr_line' id='line_1_88' title="bbox 1084 2615 1676 2665; baseline -0.005 -8"><span class='ocrx_word' id='word_1_354' title='bbox 1084 2616 1191 2657; x_wconf 87' lang='lat' dir='ltr'>hoste</span> <span class='ocrx_word' id='word_1_355' title='bbox 1232 2617 1438 2665; x_wconf 81' lang='lat' dir='ltr'>faciendae</span> <span class='ocrx_word' id='word_1_356' title='bbox 1474 2615 1676 2655; x_wconf 80' lang='lat' dir='ltr'>arbitrium</span> 
     </span>
     <span class='ocr_line' id='line_1_89' title="bbox 1522 2680 1678 2723; baseline 0 -14"><span class='ocrx_word' id='word_1_357' title='bbox 1522 2680 1678 2723; x_wconf 78' lang='lat' dir='ltr'>permit-</span> 
     </span>
    </p>
   </div>
  </div>
 </body>
</html>
