1751 3154
784 117 1169 159 INDEX

307 236 418 274 Pater
444 228 513 270 filii
534 225 694 269 causi-am
713 229 812 282 apud
834 241 956 282 popu-

363 290 443 328 lum
470 287 563 340 agit.
612 298 728 339 1994.
759 292 794 334 8.
860 286 958 324 Patri

368 355 556 396 quantum
584 343 642 382 ius
670 339 888 382 conceffum
915 342 959 381 in

367 401 615 452 filium.292.
638 410 700 441 11
731 403 843 440 Pater
862 396 962 436 infi-

368 457 411 496 lii
441 466 523 495 tum
552 468 708 505 corpus,
749 467 828 494 tum
847 454 962 498 bona,

365 512 594 565 potestatem
619 510 746 550 habet.
777 523 891 564 1703.
925 523 961 563 3.

365 573 521 609 Parrum
551 569 592 607 in
617 566 785 606 filiorum
815 567 964 606 dehetis

365 624 577 676 puniendis
596 624 712 676 rigor.
749 636 865 677 1700.
901 635 961 674 14.

365 684 517 721 Patrem
566 679 735 719 humeris
783 677 854 718 suis
893 690 963 731 per

367 750 471 777 arma
496 747 534 775 et
563 737 700 790 ignem
733 736 870 774 extulit
891 740 963 775 Ae-

367 805 471 832 neas.
493 795 660 844 2066-7·
691 792 804 832 Patris
826 791 964 830 deliria

362 862 443 887 non
455 848 683 887 reciduntin
697 846 803 885 filios.
820 859 965 899 17041.

312 905 443 944 Patres
470 901 694 954 conscripti,
727 903 876 947 πατέρες
906 902 964 947 ’ἔγ-

363 970 512 1008 γραφθι,
543 956 750 998 senatores.
781 961 874 1000 261-
900 969 960 998 11.

368 1020 500 1057 Patres
529 1012 756 1065 conscripti,
796 1021 827 1051 οἱ
857 1030 961 1050 κειτα-

367 1078 554 1119 'serame-neq
575 1077 618 1114 εἷς
639 1071 680 1107 τό
694 1068 884 1116 punem-mciv
895 1084 964 1106 συν·

366 1134 480 1173 ἔδρων.
501 1130 623 1169 2161.
651 1139 709 1168 11-
742 1129 871 1165 Patres
895 1138 964 1163 cur

370 1183 460 1222 dieii
476 1181 677 1222 senatores.
696 1195 787 1235 252.
800 1195 835 1223 2.
847 1192 887 1220 et
901 1194 963 1233 14.

366 1241 460 1290 256.
486 1251 546 1281 11.
579 1242 707 1279 Patres
726 1252 799 1289 qua
818 1239 965 1289 pietate

367 1295 476 1348 plebi
494 1295 650 1334 colendi
669 1295 751 1334 iint.
791 1295 911 1336 2066.
926 1305 961 1343 5.

315 1352 467 1393 Patricii
488 1351 576 1390 dic'l’i
597 1352 661 1401 qui
685 1365 706 1390 a
728 1351 896 1401 patribus
920 1350 962 1399 (i.

371 1421 405 1447 e.
436 1405 678 1460 senatorib.)
719 1409 792 1445 orti
829 1403 960 1445 effenr.

370 1475 467 1515 252.
491 1476 579 1514 pen.
612 1463 857 1504 Parit-iorum
878 1461 963 1501 oili-

367 1521 436 1558 cia.
457 1531 629 1581 253.153
650 1523 788 1571 2-6ῃὸ
815 1518 961 1557 Patiicii

369 1578 506 1628 legum
543 1586 582 1614 et
619 1575 712 1613 iuris
741 1575 960 1627 cognitioni

365 1629 959 1683 studebant.1903.3.1arricii

366 1687 572 1726 conuocari
602 1698 639 1724 vt
665 1686 773 1725 soliti.
811 1697 902 1736 253.
921 1698 958 1737 4

364 1743 610 1782 Patriciorum
643 1742 729 1791 (vel
754 1743 877 1793 potios
899 1744 961 1780 Pa-

366 1800 491 1849 trum)
519 1810 702 1837 numerus
733 1797 960 1848 duplicatur,

366 1865 524 1894 centum
557 1854 721 1892 nouiciis
748 1854 793 1892 ad
814 1855 961 1904 priores

363 1921 519 1949 centum
537 1907 738 1961 adscriptis.
757 1912 896 1962 3346.
916 1910 958 1947 in

362 1967 613 2006 Patriciorum
653 1966 831 2005 ordinem
867 1977 958 2003 coo-

363 2023 462 2072 ptari
481 2024 543 2073 qui
568 2020 674 2060 soliti.
694 2033 851 2075 579.12.
865 2024 958 2073 639.

363 2090 426 2120 11.
479 2079 731 2117 patriciorum
751 2089 789 2118 et
811 2075 958 2116 senato-

358 2146 442 2172 rum
474 2147 637 2172 numero
666 2131 888 2172 adscribitur
913 2135 951 2171 L.

356 2190 589 2241 Tarquinius
602 2187 710 2228 Prisc.
734 2201 823 2242 529.
836 2191 872 2230 6.
894 2192 955 2229 Pa-

355 2244 469 2284 triciis
505 2242 727 2284 adscribitur
764 2248 812 2284 T.
841 2245 952 2285 Clau-

357 2301 442 2340 dius
462 2299 633 2338 Sabinos.
654 2312 745 2353 937.
767 2312 801 2351 5.
836 2302 951 2340 Patri-

355 2357 504 2395 ciorum
535 2356 659 2395 ordini
681 2354 949 2394 adscribuntur

353 2422 513 2451 centuni
548 2425 571 2451 e
607 2410 769 2462 plebeiis
802 2412 947 2462 praeci-

353 2469 423 2520 pui
451 2469 531 2507 viri.
571 2475 660 2520 83³4.
691 2475 725 2515 8,
796 2467 946 2505 Patricii

354 2537 438 2564 cum
458 2524 661 2563 clientibus
676 2521 745 2562 suis
762 2535 864 2562 arma
876 2536 945 2572 pro

349 2580 501 2632 republ.
538 2578 607 2618 soli
643 2580 794 2631 capiunt
828 2581 869 2617 in
893 2578 945 2617 se-

348 2636 516 2678 cessione
532 2635 670 2689 plebis.
689 2647 804 2689 1145.
823 2647 859 2689 9.
879 2637 944 2675 Pa-

1065 228 1164 269 tricii
1196 240 1282 267 cum
1309 227 1483 269 clientib.
1512 225 1586 267 suis
1604 240 1671 268 ex-

1069 284 1310 338 peditionem
1338 286 1379 324 in
1398 286 1577 324 Antiates
1596 280 1671 324 sus·
1721 293 1734 313 ν’

1069 342 1226 392 cipiunt.
1260 344 1378 392 1356.
1408 354 1471 392 14.
1519 341 1670 381 patricii
1727 376 1732 381 .

1074 399 1124 436 ob
1164 394 1380 447 permifl'arn
1407 396 1511 449 plebi
1537 396 1671 437 iudicii

1076 453 1301 506 potestatem
1324 451 1674 492 succensentVale-
1731 476 1734 479 -

1073 512 1145 549 rio.
1174 521 1289 562 1473.
1309 512 1347 551 6.
1394 507 1599 561 superbiae
1617 508 1674 548 fa-

1073 562 1226 616 stusque
1253 575 1291 603 et
1317 565 1567 605 simulationis
1588 577 1674 617 per-

1073 632 1215 674 petuae
1243 620 1466 660 accusantur
1495 636 1516 659 a
1542 621 1673 674 plebe·

1072 681 1128 721 iis.
1155 689 1269 730 1149.
1282 688 1319 729 5.
1342 691 1363 716 a
1385 678 1548 716 tribunis
1566 690 1675 715 accu-

1073 732 1220 782 santur,
1249 733 1350 786 quali
1370 731 1521 784 semper
1540 733 1677 772 aduer-

1075 789 1132 830 sus
1168 792 1309 842 inopes
1346 790 1494 841 aliquid
1529 788 1675 829 machi-

1071 857 1226 887 nentur.
1253 853 1445 894 1811.12.·
1467 860 1515 885 an
1534 845 1673 898 populi

1075 903 1220 942 iudicio
1240 903 1416 953 permisti.
1438 913 1602 954 14297.
1619 915 1672 940 an

1072 958 1196 1011 plebis
1234 958 1377 997 iudicio
1407 957 1671 1010 permittendi.

1074 1027 1189 1066 1439
1209 1027 1248 1067 7
1287 1026 1402 1067 1444
1422 1028 1459 1068 4
1492 1017 1610 1066 1468-
1631 1015 1671 1056 6

1071 1071 1198 1123 plebis
1228 1069 1370 1108 iudicio
1402 1068 1559 1110 subieffi
1589 1082 1674 1109 non

1075 1125 1191 1174 suot,
1236 1125 1304 1165 nisi
1345 1128 1420 1168 SC.
1461 1127 1671 1177 peimittat.

1071 1189 1193 1243 2032-
1215 1194 1250 1234 3.
1301 1182 1672 1222 Ρηῖιίεἱιιηπίηάἰᾶα

1075 1236 1184 1277 causa
1222 1251 1244 1276 a
1281 1238 1522 1276 tribunorum
1558 1238 1673 1278 mini-

1075 1294 1151 1334 stris
1169 1293 1281 1346 arripi
1302 1307 1384 1332 non
1405 1292 1595 1333 linitordo
1607 1307 1671 1345 pa-

1075 1351 1214 1389 rricius.
1252 1361 1368 1400 1371.
1403 1361 1461 1391 10.
1518 1349 1671 1389 Patricii

1076 1406 1199 1458 plebiS
1236 1406 1382 1444 iudicio
1413 1406 1570 1458 quando
1597 1406 1672 1458 pri-

1072 1476 1179 1500 mum
1223 1462 1402 1513 permisti.
1458 1468 1573 1515 1448.
1606 1474 1671 1514 13.

1078 1522 1193 1572 1467.
1223 1531 1258 1571 3.
1321 1520 1472 1557 Patricii
1504 1517 1672 1569 plebeiis

1073 1575 1296 1612 concedunt
1335 1575 1569 1613 iudiciorum
1600 1586 1671 1625 po·

1073 1630 1245 1668 testare-m
1266 1643 1276 1676 3
1313 1630 1367 1667 ius
1386 1631 1480 1668 item
1503 1627 1669 1678 senatus,

1070 1685 1379 1738 magistratuum,
1439 1683 1667 1724 sacerdotio-

1072 1755 1168 1780 rum.
1201 1746 1317 1794 1467.
1348 1754 1385 1794 7.
1434 1743 1616 1780 Patricius
1644 1755 1666 1780 a

1071 1798 1195 1848 plebis
1229 1798 1373 1836 iudicio
1404 1807 1589 1849 prouocat
1614 1796 1664 1836 ad

1067 1851 1254 1893 senatum.
1287 1856 1402 1906 1386.
1428 1866 1467 1905 7.
1512 1853 1664 1892 Patricii

1066 1923 1239 1960 quoque,
1260 1923 1340 1948 non
1360 1910 1484 1960 pauci,
1511 1922 1586 1948 nec
1599 1908 1665 1948 ob-

1069 1964 1185 2012 scuri,
1214 1967 1522 2005 decemuirorum
1541 1964 1664 2005 domi-

1069 2023 1176 2060 nami
1204 2020 1243 2060 se
1271 2021 1505 2060 addiderunt
1529 2020 1660 2060 socios.

1068 2091 1188 2130 2152.
1212 2085 1244 2127 8.
1279 2078 1443 2117 Patriciis
1461 2076 1662 2116 connubia

1066 2147 1150 2172 cum
1212 2132 1378 2183 plebeiis
1441 2132 1659 2172 interdifta.

1061 2201 1181 2242 2154.
1202 2194 1235 2235 8.
1264 2188 1510 2228 Patricioruin
1534 2201 1660 2227 mores

1063 2243 1408 2296 reprehenduntur
1437 2245 1485 2282 ab
1513 2245 1658 2296 Appio.

1062 2308 1177 2352 189!
1199 2313 1236 2353 4
1264 2297 1352 2339 Vise
1371 2311 1408 2338 et
1429 2301 1601 2352 Optima:
1604 2312 1656 2339 es.

1003 2356 1158 2404 Patrimj
1179 2367 1217 2395 et
1235 2356 1399 2395 matrimi
1416 2357 1538 2408 pueri.
1558 2368 1656 2409 279.

1592 2424 1652 2454 10.

1003 2471 1113 2507 Patro
1133 2471 1167 2507 'l
1172 2466 1304 2506 hui-ius
1333 2470 1510 2507 Aeneam
1537 2469 1655 2506 comi-

1057 2535 1162 2562 tatur.
1239 2536 1432 2575 129.pen.
1458 2536 1545 2575 130-
1563 2536 1597 2565 1.
1613 2537 1650 2564 2.

1002 2581 1158 2619 Patroni
1178 2590 1289 2619 erant
1307 2592 1386 2618 non
1405 2578 1651 2631 plebeiorum

1051 2636 1197 2686 niodo,
1241 2634 1306 2676 sed
1340 2636 1457 2676 etiam
1484 2635 1650 2675 colonia-

1562 2702 1650 2729 rum
