1751 3154
783 117 1167 158 INDEX

354 238 447 285 817.
461 242 522 273 10.
541 229 676 270 artium
686 227 839 277 ueta-siguo:
847 229 924 270 duo
937 244 947 272 :

299 323 302 325 ,
353 289 517 327 alterum
537 287 678 335 aorymo'v,
701 287 860 325 alterum
875 284 950 324 ἐέλσ-

352 360 421 390 ryov.
446 350 539 392 88ῐ.
562 354 624 396 14.
655 352 775 382 artem
794 343 861 382 arti
882 355 950 392 op-

353 410 515 451 ponere.
773 411 867 451 331.
887 409 948 449 14.

297 455 522 497 Artamenis
541 453 710 493 elocutio
722 455 949 506 qualis.645.

859 522 949 561 pen.

301 567 584 619 Artaphernes,
602 563 800 606 Persarum
820 576 951 605 contra

357 625 524 663 Graecos
544 623 635 662 dux.
730 628 804 670 108
813 636 849 676 5.
863 634 951 672 pen.

299 676 577 722 Artemifiense
594 678 801 731 proelium.
834 690 953 731 1055.

891 746 908 775 1
945 763 954 772 .

300 789 467 833 Articuli
489 790 555 841 qui
575 788 801 828 nominibus
821 746 956 840 αρτιξ-

355 846 497 897 ticipiis
519 846 795 897 adiunguntur.
815 851 905 891 800.
922 858 955 886 1.

357 902 536 941 articulos
566 915 586 940 a
614 901 954 939 coniunffionibus

357 955 586 1008 separarunt
604 956 733 995 Stoici.
754 961 787 1003 8.
808 966 844 1007 7.
869 957 956 994 arti-

358 1013 454 1051 culis
473 1012 621 1063 parcins
642 1022 682 1050 et
701 1012 820 1050 rarius
838 1012 956 1050 vtitur

358 1067 507 1107 austera
533 1066 768 1118 compofitio.
798 1078 888 1118 150·
914 1079 955 1108 2.

361 1136 481 1177 1073.
494 1135 542 1176 v4.
593 1123 773 1162 articulus
792 1121 955 1161 demon-

299 1210 301 1215 .
359 1179 549 1219 stratiuus.
809 1183 903 1231 908.
916 1191 955 1219 2.

305 1235 505 1280 Artificum
536 1244 578 1274 et
602 1232 786 1287 opificum
807 1232 957 1273 curiosi-

356 1301 423 1331 tas.
457 1302 574 1342 1114.
593 1303 629 1343 3.
674 1289 877 1329 artificium
896 1302 955 1328 oc·

361 1349 519 1386 cultum.
543 1350 637 1398 468.
660 1348 724 1386 vlt.
751 1344 955 1386 artificium

310 1444 314 1451 f
358 1403 585 1450 maximum,
609 1414 781 1442 naturam
800 1402 953 1441 imitari.

356 1462 450 1512 615.
472 1470 562 1510 pen.
601 1456 797 1498 artificiosa
817 1460 957 1497 oratio-

362 1528 460 1554 num
479 1513 792 1554 machinamenta
812 1517 957 1553 Home-

360 1582 425 1609 rus
459 1570 501 1609 in
529 1567 838 1623 responsionibus
862 1566 957 1608 solet

357 1627 557 1678 detegere.
781 1638 872 1678 303.
888 1636 952 1677 13.

304 1680 492 1724 Ascraeus
518 1680 664 1733 pastor,
704 1680 956 1733 (Hefiodus)

359 1736 492 1790 poesin
522 1751 545 1777 a
563 1736 683 1776 Mufis
698 1737 741 1776 in
757 1738 957 1778 Helicone

360 1793 522 1844 accepit.
805 1805 898 1844 227.
921 1803 957 1834 1.

305 1848 447 1891 Afiana
472 1847 662 1888 rhetorica
680 1847 956 1900 perstringitur.

434 1960 441 1968 ,
637 1916 730 1967 447·
746 1916 784 1967 2,·
810 1911 955 1956 448-5·

307 1956 499 2013 Asperitas
511 1964 809 2011 composuimus.
823 1967 954 2012 8701.

362 2015 532 2068 asperior
568 2017 768 2055 literarum
799 2027 957 2054 concur-

360 2069 419 2111 sus
440 2072 578 2112 vitatur
598 2073 640 2110 in
661 2073 781 2122 polito
801 2083 958 2123 compo-

360 2127 507 2167 fitionis
528 2140 688 2181 genere.
757 2129 874 2181 1076.
895 2139 955 2168 10.

305 2180 503 2234 Aspiratae
521 2194 663 2222 mutae.
841 2191 901 2235 83.
914 2195 954 2223 2.

306 2239 479 2292 Astyage
496 2238 660 2286 deuicto,
691 2240 814 2292 Cyrus
834 2240 958 2289 impe-

362 2296 461 2332 rium
508 2307 530 2332 a
564 2294 695 2336 Medis
741 2295 789 2333 ad
827 2292 955 2334 Persas

359 2348 559 2388 transtulit.
789 2357 904 2400 1084.
916 2361 954 2400 7.

305 2404 525 2448 Athenadis
541 2403 729 2444 defenfio.
812 2409 904 2447 666.
916 2417 954 2456 7.

305 2460 490 2504 Athenae
506 2459 638 2500 sacrae.
663 2473 751 2512 153.
772 2472 808 2500 2.
836 2460 954 2501 Athe-

357 2530 427 2556 nas
452 2519 625 2556 omnium
647 2516 795 2555 vrbium
817 2518 957 2567 primas

361 2573 536 2612 conditas
563 2583 604 2612 et
631 2571 815 2610 habitatas
843 2570 954 2611 fuiss'e

360 2629 566 2670 creditum.
589 2640 705 2683 1005.
720 2641 758 2682 9.
780 2626 953 2670 Athena-

1062 241 1147 269 rum
1164 228 1321 270 moenia
1338 228 1547 270 diruuntur
1563 243 1584 269 a
1597 231 1661 271 La-

1057 285 1333 326 cedaemoniis.
1351 293 1446 340 778.
1466 289 1504 330 6.
1537 283 1663 327 Athe-

1060 342 1120 381 nis
1151 341 1381 392 praesidium
1407 341 1566 394 quando
1591 342 1664 381 im·

1058 396 1219 450 pofitum
1233 426 1242 444 ,
1278 408 1320 443 et*
1341 399 1477 450 populi
1497 396 1664 450 potestas

1063 450 1258 493 conuulsa.
1285 456 1379 507 650.
1401 466 1434 496 1.
1477 453 1665 494 Athenae

1062 507 1312 561 Phylensium
1330 519 1611 561 recuperarunt
1621 509 1665 549 li-

1062 564 1255 604 bertatern
1331 565 1664 619 Peloponnefiaca

1065 620 1176 660 clade
1195 617 1375 660 amissam.
1518 633 1664 676 771.9.

1010 675 1268 719 Athenienses
1295 687 1334 715 et
1364 677 1505 717 caeteri
1525 678 1665 718 Graeci

1066 733 1259 772 coloniam
1286 731 1456 772 Thurios
1490 734 1666 781 mittunt.

1067 801 1161 842 453.
1184 801 1217 830 1.
1239 786 1501 829 Athenienses
1520 788 1665 840 quibus

1067 845 1219 884 iniuriis
1240 841 1366 884 Persas
1393 844 1663 884 lacessiuerint.

1070 908 1188 953 1085.
1206 913 1242 953 5.
1262 898 1525 944 Athenienses
1542 912 1583 940 et
1593 903 1665 941 La-

1065 956 1308 996 cedaemonii
1358 969 1437 1008 quo
1486 967 1665 1009 tempore

1020 1052 1022 1055 ,
1067 1025 1202 1064 pacem
1240 1025 1326 1052 cum
1352 1024 1450 1065 rege
1477 1011 1663 1053 fecerint.

1065 1079 1159 1121 479.
1188 1071 1225 1111 6.
1286 1066 1551 1116 Athenienses
1577 1080 1665 1107 cum

1068 1123 1386 1163 Lacedaemoniis
1407 1135 1448 1163 et
1465 1123 1666 1164 Persarum
1706 1169 1708 1172 ,

1068 1192 1166 1231 rege
1205 1179 1342 1230 quibus
1371 1179 1664 1220 conditionibus

1067 1247 1204 1287 pacem
1224 1234 1399 1274 fecerint.
1423 1246 1512 1288 573.
1534 1247 1568 1278 ι,
1592 1247 1663 1287 pro

1064 1290 1250 1330 libertatis
1268 1289 1566 1330 conset-natione
1583 1290 1667 1330 sub·

1064 1348 1198 1386 ierunt
1252 1357 1424 1388 extrema
1476 1359 1665 1399 quaeque.

1071 1415 1162 1456 553.
1187 1415 1218 1444 1.
1267 1417 1289 1442 a
1315 1400 1510 1454 praesenti
1536 1402 1667 1442 demo-

1069 1460 1182 1497 cratia
1201 1458 1247 1497 ad
1268 1460 1421 1500 Solonis
1441 1470 1481 1499 et
1503 1457 1666 1500 Clisthe-

1067 1516 1129 1553 nis
1148 1514 1361 1554 institutum
1374 1525 1607 1554 reuocantut·
1615 1513 1664 1553 ab

1066 1568 1241 1610 lsocrate.
1274 1582 1365 1624 549.
1393 1575 1429 1614 6.
1479 1569 1531 1610 de
1557 1569 1664 1609 bello

1066 1624 1244 1665 aduersus
1288 1639 1423 1679 regern
1465 1622 1665 1666 Persarum

1064 1682 1204 1732 quibus
1234 1683 1390 1721 monitis
1419 1695 1441 1720 a
1462 1679 1662 1721 Demosth.

1068 1737 1251 1776 instructi.
1271 1749 1363 1791 945.
1373 1750 1411 1792 9.
1429 1750 1450 1776 a
1462 1736 1566 1776 bello
1577 1740 1666 1777 Per·

1069 1792 1143 1832 fico
1203 1791 1384 1832 aduersus
1439 1791 1666 1844 Philippum

1068 1849 1312 1888 concitantur
1333 1847 1663 1902 aDemossh.293.

1069 1918 1107 1964 4.
1130 1916 1222 1956 351.
1242 1909 1281 1948 6.
1312 1903 1506 1958 Olynthiis
1525 1905 1665 1944 auxilia

1068 1962 1237 1999 mittunt.
1271 1971 1365 2014 734.
1400 1972 1462 2015 13.
1514 1959 1666 2002 Chalci-

1068 2015 1247 2056 denfibus
1277 2018 1321 2055 in
1340 2015 1504 2056 Thracia
1529 2013 1666 2068 suppe-

1069 2073 1138 2111 tias
1156 2073 1323 2111 mittunt.
1351 2083 1442 2125 735.
1462 2085 1497 2124 3.
1540 2071 1664 2111 Athe-

1067 2127 1263 2166 nienfibus
1297 2127 1453 2166 ducatus
1479 2123 1663 2167 aduersus

1068 2182 1247 2222 barbaros
1268 2195 1331 2220 cur
1348 2182 1515 2221 debitus.
1547 2188 1664 2231 1081.

1069 2250 1130 2290 13.
1151 2235 1412 2277 Athenienses
1433 2239 1475 2277 in
1497 2238 1664 2279 Socratis

1066 2294 1261 2346 Apologia
1305 2293 1658 2346 reprehenduntur.

1148 2406 1155 2412 ·
1228 2404 1237 2410 ³
1333 2406 1342 2413 .
1489 2361 1662 2403 295.14.

1010 2403 1303 2446 Atheniensium
1330 2416 1571 2445 incrementa
1596 2408 1664 2446 La·

1067 2461 1343 2500 cedaemonios
1361 2461 1408 2501 ad
1430 2460 1578 2500 bellum
1598 2474 1663 2501 ex-

1067 2518 1195 2555 citant.
1219 2525 1310 2570 832.
1332 2528 1367 2558 1.
1398 2513 1662 2557 Athenienses

1062 2574 1214 2625 legatos
1236 2574 1288 2612 de
1304 2585 1402 2624 pace
1420 2572 1468 2611 ad
1478 2571 1661 2613 Lacedae-

1012 2665 1021 2671 .
1061 2626 1659 2679 moniosmittunt;frustra-842.
1707 2680 1712 2687 ¹

1595 2694 1658 2736 13.
