1751 3154
788 93 1173 139 INDEX

353 212 486 266 perior
505 221 550 252 ac
574 210 705 263 potior
723 208 788 251 est.
807 222 901 265 915.
917 222 952 262 5.

352 269 518 321 imperia
553 278 593 306 et
619 266 856 319 magistratus
888 267 954 306 do-

352 325 420 364 &is
446 325 722 377 praecaeteris
749 323 953 363 debentur.

352 395 447 435 254.
471 393 565 434 pen.
604 379 810 430 imperium
829 392 954 431 penes

352 451 451 484 eos,
502 437 571 489 qui
608 448 716 476 mare
757 436 950 476 obtinent.

809 493 950 546 5226.

293 550 471 602 Impetus
521 547 711 589 dilatione
749 547 950 601 frangitur.

285 630 287 632 >
775 617 870 666 293.
889 617 951 657 15.

291 661 563 713 lmpreffiones
590 661 631 701 in
655 661 787 700 animo
806 662 949 700 hrmio-

283 743 286 746 <
348 731 410 758 res
426 717 545 757 efficit
561 717 745 757 diuturna
766 718 949 758 exercita-

346 776 414 814 tio.
641 799 644 801 ,
750 785 766 815 1
778 786 795 816 1
806 774 948 827 14.v1t.

290 828 515 872 lnaffeetata
533 828 769 880 compofitio.
801 832 895 882 468.
910 833 947 873 6.

290 886 467 927 Infantes
513 885 555 924 in
596 883 720 923 bubili
757 896 948 936 repertos,

345 954 533 992 tanquam
571 940 784 980 monstrum
824 953 848 979 e
881 941 951 980 bu-

345 998 418 1037 bus
440 1008 586 1044 natum‚
615 996 849 1036 comburere
868 998 950 1036 vult

343 1054 596 1104 Melanippes
616 1063 739 1104 pater.
797 1056 890 1105 356.
906 1066 945 1106 3.

286 1109 498 1152 Infert-talis
537 1121 668 1161 poena
700 1107 947 1162 sempiterna.

744 1221 751 1228 ·
808 1177 896 1219 139.
911 1177 948 1217 ς.

286 1222 444 1265 Infirma
491 1222 842 1276 argumentationis
891 1234 950 1261 ca-

343 1281 443 1332 pita,
481 1292 532 1318 an
557 1277 694 1318 validis
712 1275 948 1318 interseren-

340 1336 402 1376 da.
800 1341 940 1387 3807.

286 1392 511 1444 Inquilinns
541 1391 728 1442 trapezita
749 1388 944 1430 seruitutis

340 1446 547 1489 accusatur.
573 1459 666 1501 593.
688 1460 726 1489 2.
754 1444 942 1486 affer-itur.

796 1516 888 1557 594·
909 1515 941 1545 1.

283 1559 462 1604 Insaniae
511 1560 699 1613 poculum
720 1589 730 1609 ,
789 1561 940 1601 vinum.

788 1627 884 1668 401.
905 1622 940 1664 8.

282 1672 487 1725 Inscriptio
519 1672 605 1711 libri
636 1686 655 1711 a
682 1668 848 1723 persona
870 1673 942 1722 pri-

335 1731 467 1771 maria.
493 1731 587 1780 762.
612 1739 675 1777 13.
724 1724 941 1779 inscriptio-

336 1799 411 1827 nes
434 1784 619 1823 librorum
631 1783 796 1832 fallaces,
820 1782 939 1822 echa-

337 1841 494 1882 rac'teris
542 1840 752 1878 rimatione
800 1838 939 1890 depre-

333 1897 578 1938 henduntur.
624 1899 717 1948 641.
764 1907 798 1936 1.
880 1896 938 1934 in-

331 1953 489 2007 scriptio
528 1952 606 1992 litis
643 1964 720 2003 qua
756 1949 933 1990 formula.

783 2009 929 2060 6356.

276 2065 434 2109 Insolita
469 2064 657 2105 vocabula
685 2061 772 2102 sunt
802 2075 932 2102 earum

331 2136 482 2170 rerum,
512 2134 613 2173 quae
633 2118 857 2158 hominibus
877 2132 932 2158 ra-

332 2193 376 2219 ro
415 2178 592 2218 accidere
615 2168 928 2215 “consueuerunn

790 2239 931 2283 383·7-

274 2291 504 2337 Institutum,
527 2299 565 2327 et
586 2288 745 2339 propria
764 2285 929 2333 affeetio,

328 2359 456 2386 mores
475 2345 603 2384 variat.
754 2354 848 2394 404.
865 2355 926 2394 13.

271 2404 445 2456 Intelligi
472 2414 530 2440 res
561 2411 641 2438 non
671 2396 826 2450 poffunt
845 2396 925 2436 abs-

327 2473 406 2511 que
443 2453 641 2509 perspicua
668 2453 924 2505 expolitione.
981 2451 1114 2490 Ionius
1136 2451 1249 2490 finus.

1557 172 1574 179 κ

1009 208 1340 262 Intempestiuitas
1357 209 1541 252 offendit.
1575 211 1670 266 561·r

1605 279 1625 310 1
1660 297 1670 308 .

1011 321 1254 362 Intenfiones
1289 333 1330 363 et
1353 323 1594 366 remiffiones
1622 279 1671 364 i³n

1066 379 1370 435 compositionis.
1463 380 1669 432 temperie.

1226 491 1234 498 ,
1498 448 1616 489 1094-
1629 448 1670 489 3·

1009 489 1335 542 Interpositiones
1386 489 1671 534 sententiarum

1062 547 1165 597 apud
1192 546 1468 600 Thucydidem
1496 548 1668 589 crebrae.

1062 615 1158 656 792.
1187 612 1225 654 7.
1276 603 1591 655 interpositiones
1624 606 1670 645 in

1061 658 1270 700 sententiis
1321 660 1426 712 apud
1469 660 1670 713 Thucydi-

1063 714 1156 756 dem
1192 713 1461 758 obscuritatem
1495 717 1667 770 pariunt.

1495 780 1588 827 805.
1603 785 1666 826 15.

1005 829 1388 882 Inter-rogationibus
1437 827 1669 870 Demosthe·

1059 897 1145 934 nes,
1168 882 1313 926 Isaeum
1330 887 1519 934 imitatus,
1529 885 1665 926 crebro

1059 941 1187 984 vtitur.
1512 944 1607 990 608.
1623 954 1663 996 9.

1004 997 1171 1037 quenta
1206 1011 1229 1037 a
1264 997 1459 1038 veteribus
1493 995 1666 1045 consum·

1063 1064 1222 1093 marunt
1240 1054 1547 1104 Demosthenes,
1585 1057 1666 1096 Ae-

1061 1106 1225 1159 schines,
1247 1110 1482 1163 Hyperides.
1519 1113 1662 1164 630.1.

1007 1164 1193 1204 quentio
1227 1176 1267 1205 et
1293 1168 1547 1206 inuentor-um
1567 1165 1661 1207 rsus.

1063 1223 1232 1274 896.14.
1258 1221 1450 1270 inuentio,
1469 1223 1510 1262 in
1531 1236 1661 1263 rerum

1060 1277 1161 1326 loco,
1180 1288 1380 1330 apparatus
1400 1277 1466 1317 est.
1493 1289 1658 1332 1113.2.

1055 1333 1303 1374 inuentionis
1315 1334 1538 1388 vitia.646.1
1549 1345 1582 1375 1.
1595 1335 1662 1374 in-

1056 1391 1191 1447 ventilo
1203 1389 1363 1443 Lysiana
1374 1391 1659 1443 qualis—4861.

999 1446 1151 1485 Inuidia
1178 1457 1283 1486 extra
1311 1446 1473 1487 deorum
1495 1445 1660 1486 chorum

1055 1501 1137 1541 stat.
1167 1514 1262 1555 972.
1289 1515 1323 1546 1.
1372 1502 1549 1543 inuidiae
1568 1514 1659 1542 cen-

1053 1556 1147 1598 sura.
1507 1566 1600 1609 208.
1612 1570 1653 1599 2.

997 1615 1250 1654 Inuitationis
1310 1613 1459 1668 figurae
1509 1616 1657 1667 plures·

1507 1682 1600 1722 322.
1616 1683 1656 1722 9.

995 1725 1074 1764 loci
1096 1734 1137 1764 et
1159 1723 1341 1765 festiuitas
1362 1725 1404 1765 in
1422 1723 1580 1773 referia,
1594 1726 1654 1764 in-

1051 1781 1290 1833 tempestiua.
1506 1793 1598 1833 559.
1612 1788 1650 1831 8.

994 1838 1122 1882 Iones,
1158 1838 1295 1877 molles
1314 1847 1354 1875 et
1382 1837 1466 1876 laxi.
1492 1850 1589 1890 402.
1612 1849 1652 1879 2.

1048 1892 1304 1932 Dorienfibus
1322 1891 1473 1945 semper
1487 1893 1650 1938 inimici.

1050 1961 1142 2002 934.
1160 1960 1220 2000 14.
1238 1950 1368 1988 ionica
1385 1961 1485 2003 gens
1500 1939 1653 2002 sapieti-

1047 2005 1191 2044 tiffima.
1223 2007 1316 2047 261.
1341 2017 1380 2059 7.
1432 2007 1543 2044 tonia
1567 2006 1651 2048 Dei

1043 2059 1142 2100 iuffu
1169 2061 1336 2100 condita.
1360 2063 1456 2104 260.
1479 2062 1543 2101 vlt.
1590 2064 1650 2101 10-

1043 2118 1133 2156 nica
1173 2117 1357 2156 dialefius
1396 2114 1526 2168 priscis
1565 2115 1650 2157 scri-

1045 2171 1221 2224 ptoribus
1235 2172 1469 2211 vsitatissima.
1483 2175 1646 2224 86410.

1041 2230 1200 2268 lonicae
1218 2228 1376 2280 linguae
1394 2242 1532 2268 norma
1549 2230 1648 2280 opti-

1041 2297 1102 2323 ma
1113 2283 1349 2322 Herodotus.
1371 2295 1464 2337 775.
1480 2289 1514 2332 8.
1541 2285 1645 2325 Ioni-

1041 2351 1126 2377 cnm
1145 2352 1323 2379 metrum.
1344 2350 1409 2393 23.
1433 2351 1470 2392 ς.
1519 2341 1644 2382 lonlei

1036 2397 1199 2434 numeri.
1446 2408 1563 2449 1093.
1577 2407 1640 2439 12.

1328 2457 1444 2504 27·8-
1467 2458 1637 2504 833·12·

326 2523 420 2564 231.
454 2528 485 2556 1.
532 2511 781 2552 Intelleetum
814 2507 926 2560 saepe
984 2520 1054 2558 pro
1083 2507 1285 2558 Iophontis
1313 2506 1391 2547 filia
1419 2507 1543 2547 oratio
1569 2509 1639 2549 Di-

328 2570 482 2621 respicit
501 2568 684 2608 structura
705 2564 927 2619 apud'shu-

327 2627 415 2682 cyd.
782 2627 874 2672 802.
888 2626 925 2671 8.

1039 2564 1188 2603 nat-chi.
1457 2567 1553 2606 662.
1571 2574 1590 2605 1
1601 2573 1635 2605 1.

981 2618 1193 2672 Iphicrates
1211 2630 1252 2660 et
1271 2620 1350 2659 dux
1369 2618 1573 2672 praestans,
1592 2628 1636 2659 et

1548 2686 1636 2716 ΟΥΕ·
