1751 3154
761 160 1154 204 INDEX

274 287 303 316 e
350 273 639 317 Verifimilibus
695 282 939 327 argumenta.
995 273 1147 327 Virgae
1174 271 1355 314 centaflu
1371 270 1548 329 Vlyfl'em
1564 274 1656 317 'tnti-v

765 340 858 383 391.
875 341 938 372 11.
1049 339 1104 368 tat
1123 331 1318 371 Minerua.
1530 345 1598 387 ²9·
1612 341 1657 377 2,·-

273 406 382 447 Vera
402 415 442 446 et
459 405 556 446 iusta
575 404 728 458 potiora
746 398 941 445 suntcon-
995 402 1170 455 Virginis
1206 403 1362 442 vitiatae
1390 402 1430 442 in
1455 401 1656 445 seruandis

333 463 473 503 trariis.
760 469 856 513 729.
874 471 936 503 12.

274 551 455 594 Veritate
466 548 568 590 nihil
578 549 787 601 antiquius.
798 560 934 601 7521.

331 614 425 657 812.
459 619 521 649 10.
560 607 728 646 veritatis
747 606 936 659 cognitio,

330 660 630 716 philosophicae
666 658 939 714 speculationis

330 718 431 761 finis.
461 721 553 768 816.
577 732 612 771 5.
660 720 797 758 veritas
818 718 941 757 omni·

331 776 406 815 bus
439 776 480 814 in
509 775 627 814 rebus
656 774 869 828 diligenter
894 774 940 813 ri-

331 832 489 871 manda.
509 833 654 882 7226.
679 831 818 870 veritas
838 830 940 869 vtin·

331 889 524 927 veniatur.
794 898 888 940 752-
904 897 939 928 1.

273 955 460 1001 Verlibus
483 955 650 997 distinc'li
671 957 769 996 libri.
791 964 883 1010 834.
903 970 940 999 2.

337 1025 400 1067 13.
426 1021 520 1066 840.
531 1013 595 1053 vlt.
618 1019 751 1068 8541.
773 1013 937 1068 893.rlt.

741 1073 939 1113 1126.11.

275 1141 418 1188 Vesta,
457 1152 613 1181 caetero
642 1140 808 1181 deorum
835 1154 942 1182 exer-

331 1201 409 1238 citu
439 1199 692 1252 egrediente,
730 1196 809 1238 sola
830 1196 939 1237 domi

330 1267 480 1296 manet.
762 1264 857 1308 971.
875 1266 936 1299 10.

273 1326 444 1371 Vestitus
470 1337 509 1367 et
530 1326 766 1368 elocutionis
785 1340 938 1380 compa-

332 1385 443 1424 ratio.
767 1391 885 1433 1008.
901 1395 935 1426 1.

276 1455 377 1498 vias
404 1467 446 1496 et
472 1455 738 1509 aquaeduffius
760 1455 936 1497 reficere.

740 1524 814 1555 101
823 1519 858 1562 8.
875 1524 935 1565 13.

273 1586 446 1627 Vicatim
457 1584 652 1626 habitatae
662 1584 784 1626 vrbes.
800 1589 933 1640 8567.

273 1659 476 1701 Victorum
502 1659 686 1710 praemia.
707 1670 800 1711 274.
823 1672 859 1711 3.
880 1657 932 1699 ob

323 1715 502 1754 victorias
520 1714 680 1753 illustres
692 1715 847 1766 quidam
859 1714 933 1754 diis

323 1769 568 1822 aequiparati
587 1768 693 1817 sunt,
724 1781 765 1809 et
784 1771 932 1810 diuinis

326 1824 546 1866 honoribus
584 1823 722 1865 affecti.
766 1832 861 1875 280.
891 1830 930 1870 6.

327 1882 526 1921 victoriam
545 1883 672 1933 pretio
691 1894 836 1930 emere,
866 1893 933 1923 aut

327 1938 540 1985 vendere,
587 1950 705 1989 quam
734 1949 847 1990 turpe
875 1937 930 1978 fit.

326 2005 422 2047 277.
450 2007 510 2036 ιο.
535 1994 776 2034 viftoriarum
794 2007 932 2034 monu-

326 2061 471 2091 menta.
489 2062 582 2103 274.
603 2053 640 2092 6.
663 2055 699 2098 8.
749 2051 931 2091 victoriae

328 2106 485 2159 signum
504 2107 602 2144 olea.
756 2119 928 2161 230.13.

273 2178 422 2220 Videre
435 2176 512 2229 sua,
525 2178 693 2226 licitum;
710 2179 848 2227 aliena,
862 2193 931 2220 ne·

325 2233 381 2275 sas
399 2235 464 2273 est.
817 2248 834 2279 1
844 2249 879 2290 9.
890 2249 929 2279 2.

272 2308 381 2350 Vilia
399 2306 526 2347 verba.
787 2314 879 2362 ⁴382.
892 2322 930 2361 4.

271 2382 424 2430 Vinum
453 2378 571 2419 suaue
589 2410 599 2428 ‚
638 2377 703 2419 sed
732 2378 929 2421 furiosum.

327 2444 394 2484 28.
408 2449 443 2488 5.
464 2438 609 2486 vinum,
627 2434 798 2479 insaniae
816 2449 930 2487 pocu-

330 2494 426 2532 lum.
782 2505 875 2546 401·
892 2499 927 2542 8·
985 2515 1201 2556 Vmbilicus
1223 2516 1337 2559 vrbis.

1050 457 1252 499 infantulis
1264 458 1501 512 stratagema.
1516 463 1654 517 3567.

993 531 1127 572 Virilis
1173 530 1297 571 animi
1335 527 1531 582 specimen
1569 531 1656 574 edi.

1048 584 1155 634 disse,
1176 598 1216 625 et
1233 588 1403 626 virorum
1416 599 1581 627 numero
1591 589 1657 629 ad·

1049 640 1234 694 scriptum
1253 640 1342 683 effe.
1364 654 1456 696 505.
1478 656 1541 698 13.
1568 644 1656 683 viri-

1050 700 1131 739 lem
1152 710 1283 752 togam
1295 697 1456 740 sumere.
1567 712 1604 741 2.
1615 713 1656 742 2.

996 772 1128 812 Virtus
1142 801 1152 821 ‚
1191 771 1380 810 medietas
1400 770 1465 811 est.
1503 774 1593 820 186.
1615 778 1654 821 8.

1052 829 1175 868 virtus
1193 827 1432 869 immortales
1442 828 1572 870 reddit
1584 827 1656 868 ho-

1051 883 1194 923 mines.
1218 887 1307 937 546.
1329 883 1392 923 vlt.
1420 884 1568 924 virtutis
1589 898 1655 925 ex-

1054 940 1178 992 pertia
1200 937 1409 991 quaesunt,
1430 938 1555 993 turpia
1568 937 1655 981 sunt
1685 937 1690 952 ⁸

1052 1006 1092 1035 et
1121 996 1234 1035 mala.
1268 1007 1387 1049 1045·
1420 998 1458 1039 6.
1506 997 1654 1039 virtutis

1047 1051 1217 1091 studium
1228 1052 1426 1103 praeclare
1435 1052 1654 1093 accendunt

1051 1106 1224 1147 Isocratis
1243 1108 1453 1150 orationes.
1483 1112 1652 1162 543.10.

995 1180 1114 1222 Vitae
1133 1192 1258 1233 genus
1278 1191 1405 1219 mores
1416 1180 1542 1219 variat.
1554 1190 1652 1234 405.

1055 1249 1092 1281 1.
1139 1247 1242 1275 vitae
1262 1233 1366 1284 socii,
1399 1237 1589 1288 coniuges
1611 1246 1654 1279 et

1051 1292 1179 1333 liberi.
1503 1296 1599 1346 238.
1613 1304 1651 1345 3.

994 1365 1103 1407 Vitia
1132 1377 1208 1418 pro
1234 1363 1438 1406 virtutibus
1464 1363 1654 1417 ponenda

1048 1434 1132 1462 non
1149 1418 1249 1461 sunt.
1445 1432 1539 1474 214.
1555 1432 1651 1474 pen.

991 1491 1158 1547 Vlyfl'es‚
1177 1493 1285 1533 fictor
1303 1503 1341 1532 et
1353 1492 1545 1533 fimulator
1554 1493 1654 1545 opti·

1045 1563 1144 1591 mus.
1168 1561 1310 1605 4937.
1333 1551 1549 1592 aMinerua
1568 1547 1651 1589 sub-

1047 1608 1145 1647 inde
1171 1604 1450 1645 transmutatus.
1481 1613 1546 1657 28.
1582 1617 1644 1649 11.

1046 1663 1131 1703 aliis
1161 1662 1363 1713 loquendo
1393 1662 1490 1700 alios
1518 1662 1615 1712 petit
1635 1675 1650 1700 a

1045 1719 1203 1758 mutatis
1231 1714 1371 1755 scilicet
1397 1717 1446 1756 ad
1465 1715 1649 1756 offenlio·

1045 1787 1139 1813 nem
1184 1771 1411 1812 euitandam
1460 1770 1646 1824 personis.

1043 1842 1138 1884 347.
1163 1840 1224 1875 10.
1272 1842 1321 1868 an
1338 1827 1481 1868 Iliados
1500 1835 1522 1873 β
1540 1828 1649 1867 idem

1045 1886 1149 1925 dicat
1189 1895 1229 1924 et
1261 1883 1434 1924 eundem
1460 1884 1648 1923 orationis

1045 1939 1206 1991 scopum
1253 1939 1392 1980 habeat
1438 1952 1527 1980 cum
1564 1942 1646 1981 Ne·

1043 1997 1157 2040 stote.
1179 2009 1314 2050 305.3.
1336 2007 1468 2049 307.1.
1483 2006 1644 2060 333314.

1041 2067 1092 2094 an
1128 2052 1293 2092 Nestore
1332 2063 1457 2092 orator
1488 2053 1645 2104 melior,

1042 2109 1158 2149 stulte
1200 2123 1223 2148 a
1264 2109 1395 2148 multis
1433 2112 1644 2159 quaeritur.

1043 2168 1137 2217 306.
1164 2175 1203 2218 7.
1242 2177 1334 2218 334.
1358 2177 1392 2206 ι.
1446 2163 1646 2204 Achillem
1710 2210 1713 2213 ,

1039 2223 1156 2261 icone
1173 2219 1325 2268 refellit,
1357 2220 1449 2259 citra
1470 2217 1646 2260 offenfio-

1040 2278 1100 2317 nis
1120 2276 1349 2327 periculum.
1370 2275 1460 2329 369.
1485 2287 1546 2327 15.
1578 2276 1645 2315 de·

1040 2330 1214 2372 scensum
1258 2329 1366 2370 suum
1408 2331 1456 2371 ad
1497 2330 1644 2370 inferos

1039 2387 1276 2428 Phaeacibus
1307 2388 1484 2440 eleganti
1511 2400 1642 2428 rerum

1040 2444 1259 2484 imitatione
1277 2445 1458 2496 exponit,
1501 2455 1641 2498 139.3.

1501 2526 1591 2569 ¹53·
1606 2527 1640 2557 1.

269 2564 432 2608 Visibus
451 2566 596 2606 maiora
614 2562 815 2621 suscipere,
833 2564 928 2606 insa-
986 2574 1128 2613 anlio
1149 2585 1352 2624 corporum
1371 2572 1412 2612 in
1425 2571 1643 2611 certamini-

326 2621 393 2664 nia
413 2620 476 2661 est.
757 2634 851 2679 979.
865 2624 927 2664 vlt.

1041 2630 1111 2670 bus
1130 2629 1331 2684 gymnicis.
1460 2629 1555 2678 856.
1573 2639 1639 2721 13ci

1589 2695 1611 2722 a
