<?xml version="1.0" encoding="UTF-8"?>
<!DOCTYPE html PUBLIC "-//W3C//DTD XHTML 1.0 Transitional//EN"
    "http://www.w3.org/TR/xhtml1/DTD/xhtml1-transitional.dtd">
<html xmlns="http://www.w3.org/1999/xhtml" xml:lang="en" lang="en">
 <head>
  <title>
</title>
<meta http-equiv="Content-Type" content="text/html;charset=utf-8" />
  <meta name='ocr-system' content='tesseract 3.04.00' />
  <meta name='ocr-capabilities' content='ocr_page ocr_carea ocr_par ocr_line ocrx_word'/>
</head>
<body>
  <div class='ocr_page' id='page_1' title='image "./operaomniagraece06dionuoft/operaomniagraece06dionuoft_0129.png"; bbox 0 0 1751 3154; ppageno 0'>
   <div class='ocr_carea' id='block_1_1' title="bbox 243 95 1449 157">
    <p class='ocr_par' dir='ltr' id='par_1_1' title="bbox 243 95 1449 157">
     <span class='ocr_line' id='line_1_1' title="bbox 243 95 1449 157; baseline 0.003 -19"><span class='ocrx_word' id='word_1_1' title='bbox 243 98 321 138; x_wconf 84' lang='lat' dir='ltr'><strong>DE</strong></span> <span class='ocrx_word' id='word_1_2' title='bbox 347 95 631 138; x_wconf 87' lang='lat' dir='ltr'>THVCYD.</span> <span class='ocrx_word' id='word_1_3' title='bbox 660 96 906 138; x_wconf 84' lang='lat' dir='ltr'><strong>HISTOR.</strong></span> <span class='ocrx_word' id='word_1_4' title='bbox 938 98 1265 142; x_wconf 80' lang='lat' dir='ltr'>IVDICIVM.</span> <span class='ocrx_word' id='word_1_5' title='bbox 1368 103 1449 157; x_wconf 69' lang='lat'>831·</span> 
     </span>
    </p>
   </div>
   <div class='ocr_carea' id='block_1_2' title="bbox 6 207 1452 697">
    <p class='ocr_par' dir='ltr' id='par_1_2' title="bbox 6 207 1452 697">
     <span class='ocr_line' id='line_1_2' title="bbox 77 207 1450 281; baseline 0.005 -23"><span class='ocrx_word' id='word_1_6' title='bbox 77 207 295 278; x_wconf 59' lang='grc' dir='ltr'><strong>προειπών</strong></span> <span class='ocrx_word' id='word_1_7' title='bbox 327 207 452 279; x_wconf 68' lang='grc' dir='ltr'><em>γεῖς,</em></span> <span class='ocrx_word' id='word_1_8' title='bbox 504 209 559 264; x_wconf 72' lang='grc' dir='ltr'><strong>ὡς</strong></span> <span class='ocrx_word' id='word_1_9' title='bbox 594 208 784 275; x_wconf 65' lang='grc' dir='ltr'><strong>μέγιςος·</strong></span> <span class='ocrx_word' id='word_1_10' title='bbox 810 207 980 274; x_wconf 82' lang='grc' dir='ltr'><em>ἐγένετο</em></span> <span class='ocrx_word' id='word_1_11' title='bbox 1011 212 1093 260; x_wconf 54' lang='lat' dir='ltr'><strong>‘miv</strong></span> <span class='ocrx_word' id='word_1_12' title='bbox 1118 211 1208 281; x_wconf 72' lang='grc' dir='ltr'><strong>πςό</strong></span> <span class='ocrx_word' id='word_1_13' title='bbox 1227 214 1347 266; x_wconf 65' lang='lat' dir='ltr'><strong>adra}</strong></span> <span class='ocrx_word' id='word_1_14' title='bbox 1368 229 1450 265; x_wconf 75' lang='grc' dir='ltr'><strong>πό-</strong></span> 
     </span>
     <span class='ocr_line' id='line_1_3' title="bbox 6 284 1451 352; baseline 0.006 -19"><span class='ocrx_word' id='word_1_15' title='bbox 6 307 25 348; x_wconf 77' lang='lat'><strong>¹,</strong></span> <span class='ocrx_word' id='word_1_16' title='bbox 76 287 221 349; x_wconf 78' lang='grc' dir='ltr'><em>λέμων</em></span> <span class='ocrx_word' id='word_1_17' title='bbox 245 287 264 336; x_wconf 86' lang='grc' dir='ltr'><em>ὁ</em></span> <span class='ocrx_word' id='word_1_18' title='bbox 286 287 721 342; x_wconf 72' lang='grc' dir='ltr'><strong>Πελοποννησιακὸς,</strong></span> <span class='ocrx_word' id='word_1_19' title='bbox 771 284 905 352; x_wconf 68' lang='grc' dir='ltr'><em>χξόνες</em></span> <span class='ocrx_word' id='word_1_20' title='bbox 922 307 971 333; x_wconf 79' lang='grc' dir='ltr'><strong>τε</strong></span> <span class='ocrx_word' id='word_1_21' title='bbox 992 284 1148 349; x_wconf 71' lang='grc' dir='ltr'><strong><em>μήκει,</em></strong></span> <span class='ocrx_word' id='word_1_22' title='bbox 1197 289 1269 352; x_wconf 55' lang='grc' dir='ltr'><strong>καὶ</strong></span> <span class='ocrx_word' id='word_1_23' title='bbox 1294 290 1451 348; x_wconf 71' lang='grc' dir='ltr'><em>παθη-</em></span> 
     </span>
     <span class='ocr_line' id='line_1_4' title="bbox 75 361 1452 430; baseline 0.004 -19"><span class='ocrx_word' id='word_1_24' title='bbox 75 364 234 430; x_wconf 70' lang='grc' dir='ltr'><em>μάτων</em></span> <span class='ocrx_word' id='word_1_25' title='bbox 266 363 451 412; x_wconf 74' lang='grc' dir='ltr'>πολλῶν</span> <span class='ocrx_word' id='word_1_26' title='bbox 487 365 773 423; x_wconf 78' lang='grc' dir='ltr'><strong>συντυχίαις,</strong></span> <span class='ocrx_word' id='word_1_27' title='bbox 814 361 1028 410; x_wconf 71' lang='grc' dir='ltr'><strong>τελευτῶν</strong></span> <span class='ocrx_word' id='word_1_28' title='bbox 1064 363 1122 412; x_wconf 46' lang='lat' dir='ltr'><strong>w*</strong></span> <span class='ocrx_word' id='word_1_29' title='bbox 1144 367 1345 430; x_wconf 62' lang='grc' dir='ltr'><strong>πξοσιμῖδ</strong></span> <span class='ocrx_word' id='word_1_30' title='bbox 1367 366 1452 423; x_wconf 75' lang='grc' dir='ltr'><strong>τοίς</strong></span> 
     </span>
     <span class='ocr_line' id='line_1_5' title="bbox 75 433 1451 505; baseline -0.003 -18"><span class='ocrx_word' id='word_1_31' title='bbox 75 439 227 492; x_wconf 74' lang='grc' dir='ltr'><strong><em>αἰτίας</em></strong></span> <span class='ocrx_word' id='word_1_32' title='bbox 247 436 439 498; x_wconf 51' lang='lat' dir='ltr'><strong>fissum</strong></span> <span class='ocrx_word' id='word_1_33' title='bbox 462 439 628 505; x_wconf 58' lang='grc' dir='ltr'><em>πρῶτον</em></span> <span class='ocrx_word' id='word_1_34' title='bbox 652 440 783 485; x_wconf 74' lang='grc' dir='ltr'><em>εἰπεῖν</em></span> <span class='ocrx_word' id='word_1_35' title='bbox 793 471 810 492; x_wconf 87' lang='lat'><strong>,-</strong></span> <span class='ocrx_word' id='word_1_36' title='bbox 859 437 946 498; x_wconf 66' lang='grc' dir='ltr'><strong>ἀφ’</strong></span> <span class='ocrx_word' id='word_1_37' title='bbox 972 433 1024 484; x_wconf 79' lang='grc' dir='ltr'><strong>ὦν</strong></span> <span class='ocrx_word' id='word_1_38' title='bbox 1048 435 1117 493; x_wconf 68' lang='grc' dir='ltr'><strong>τὴν</strong></span> <span class='ocrx_word' id='word_1_39' title='bbox 1145 438 1283 505; x_wconf 71' lang='grc' dir='ltr'><em>α’ξχῆν</em></span> <span class='ocrx_word' id='word_1_40' title='bbox 1314 443 1451 492; x_wconf 53' lang='grc' dir='ltr'><strong>ἕέλοι-</strong></span> 
     </span>
     <span class='ocr_line' id='line_1_6' title="bbox 75 510 1449 577; baseline 0.002 -14"><span class='ocrx_word' id='word_1_41' title='bbox 75 511 145 575; x_wconf 72' lang='grc' dir='ltr'><strong>βε.</strong></span> <span class='ocrx_word' id='word_1_42' title='bbox 218 526 240 560; x_wconf 87' lang='lat' dir='ltr'>g</span> <span class='ocrx_word' id='word_1_43' title='bbox 273 511 428 568; x_wconf 61' lang='grc' dir='ltr'><em>διττάς</em></span> <span class='ocrx_word' id='word_1_44' title='bbox 463 510 515 563; x_wconf 72' lang='grc' dir='ltr'><strong>δὲ</strong></span> <span class='ocrx_word' id='word_1_45' title='bbox 549 510 723 566; x_wconf 73' lang='grc' dir='ltr'><strong><em>ταύταις</em></strong></span> <span class='ocrx_word' id='word_1_46' title='bbox 762 510 1042 577; x_wconf 67' lang='grc' dir='ltr'><em>ὑποθέμενος</em></span> <span class='ocrx_word' id='word_1_47' title='bbox 1054 548 1070 570; x_wconf 83' lang='grc'><strong>,-</strong></span> <span class='ocrx_word' id='word_1_48' title='bbox 1116 512 1192 569; x_wconf 68' lang='lat' dir='ltr'><strong>‘triv</strong></span> <span class='ocrx_word' id='word_1_49' title='bbox 1230 517 1267 564; x_wconf 84' lang='grc' dir='ltr'><strong>τ’</strong></span> <span class='ocrx_word' id='word_1_50' title='bbox 1290 517 1449 575; x_wconf 67' lang='grc' dir='ltr'><strong><em>εἰληθῆ</em></strong></span> 
     </span>
     <span class='ocr_line' id='line_1_7' title="bbox 74 637 1447 697; baseline 0.003 -15"><span class='ocrx_word' id='word_1_51' title='bbox 74 640 357 697; x_wconf 53' lang='lat' dir='ltr'><strong>proposuissem</strong></span> <span class='ocrx_word' id='word_1_52' title='bbox 389 642 562 683; x_wconf 86' lang='lat' dir='ltr'><strong>omnium</strong></span> <span class='ocrx_word' id='word_1_53' title='bbox 580 637 788 690; x_wconf 86' lang='lat' dir='ltr'><strong>bellorum,</strong></span> <span class='ocrx_word' id='word_1_54' title='bbox 816 651 856 680; x_wconf 86' lang='lat' dir='ltr'><strong>et</strong></span> <span class='ocrx_word' id='word_1_55' title='bbox 878 650 1097 694; x_wconf 82' lang='lat' dir='ltr'><strong>temporum</strong></span> <span class='ocrx_word' id='word_1_56' title='bbox 1119 638 1382 692; x_wconf 85' lang='lat' dir='ltr'><strong>diuturnitate,</strong></span> <span class='ocrx_word' id='word_1_57' title='bbox 1408 651 1447 686; x_wconf 75' lang='lat' dir='ltr'><strong>et²</strong></span> 
     </span>
    </p>
   </div>
   <div class='ocr_carea' id='block_1_3' title="bbox 75 697 1448 809">
    <p class='ocr_par' dir='ltr' id='par_1_3' title="bbox 75 697 1448 809">
     <span class='ocr_line' id='line_1_8' title="bbox 75 697 1448 753; baseline 0.001 -13"><span class='ocrx_word' id='word_1_58' title='bbox 75 702 285 740; x_wconf 77' lang='lat' dir='ltr'><strong>multarum</strong></span> <span class='ocrx_word' id='word_1_59' title='bbox 306 700 563 740; x_wconf 76' lang='lat' dir='ltr'>calamitatum</span> <span class='ocrx_word' id='word_1_60' title='bbox 583 699 750 745; x_wconf 87' lang='lat' dir='ltr'><strong>euentis,</strong></span> <span class='ocrx_word' id='word_1_61' title='bbox 782 698 879 737; x_wconf 82' lang='lat' dir='ltr'><strong>illud</strong></span> <span class='ocrx_word' id='word_1_62' title='bbox 898 697 1010 738; x_wconf 85' lang='lat' dir='ltr'><strong>fuisse</strong></span> <span class='ocrx_word' id='word_1_63' title='bbox 1029 702 1253 748; x_wconf 81' lang='lat' dir='ltr'><strong>maximum,</strong></span> <span class='ocrx_word' id='word_1_64' title='bbox 1275 703 1379 753; x_wconf 87' lang='lat' dir='ltr'><strong>quod</strong></span> <span class='ocrx_word' id='word_1_65' title='bbox 1404 703 1448 743; x_wconf 84' lang='lat' dir='ltr'><strong>in</strong></span> 
     </span>
     <span class='ocr_line' id='line_1_9' title="bbox 75 754 1446 809; baseline 0.001 -13"><span class='ocrx_word' id='word_1_66' title='bbox 75 754 350 807; x_wconf 78' lang='lat' dir='ltr'><strong>Peloponneso</strong></span> <span class='ocrx_word' id='word_1_67' title='bbox 377 754 526 809; x_wconf 84' lang='lat' dir='ltr'><strong>gestum</strong></span> <span class='ocrx_word' id='word_1_68' title='bbox 546 754 621 804; x_wconf 88' lang='lat' dir='ltr'><strong>est,</strong></span> <span class='ocrx_word' id='word_1_69' title='bbox 652 756 690 793; x_wconf 90' lang='lat' dir='ltr'><strong>in</strong></span> <span class='ocrx_word' id='word_1_70' title='bbox 711 763 889 794; x_wconf 86' lang='lat' dir='ltr'><strong>extremo</strong></span> <span class='ocrx_word' id='word_1_71' title='bbox 909 759 1096 807; x_wconf 81' lang='lat' dir='ltr'><strong>prooemio</strong></span> <span class='ocrx_word' id='word_1_72' title='bbox 1115 755 1242 796; x_wconf 83' lang='lat' dir='ltr'>causas</span> <span class='ocrx_word' id='word_1_73' title='bbox 1261 759 1446 809; x_wconf 76' lang='lat' dir='ltr'><strong>primum,</strong></span> 
     </span>
    </p>
   </div>
   <div class='ocr_carea' id='block_1_4' title="bbox 74 810 1097 865">
    <p class='ocr_par' dir='ltr' id='par_1_4' title="bbox 74 810 1097 865">
     <span class='ocr_line' id='line_1_10' title="bbox 74 810 1097 865; baseline -0.001 -13"><span class='ocrx_word' id='word_1_74' title='bbox 74 813 181 852; x_wconf 80' lang='lat' dir='ltr'><strong>vnde</strong></span> <span class='ocrx_word' id='word_1_75' title='bbox 211 812 443 865; x_wconf 83' lang='lat' dir='ltr'><strong>principium</strong></span> <span class='ocrx_word' id='word_1_76' title='bbox 473 810 602 860; x_wconf 82' lang='lat' dir='ltr'><strong>duxit,</strong></span> <span class='ocrx_word' id='word_1_77' title='bbox 632 810 863 864; x_wconf 81' lang='lat' dir='ltr'>aggreditur</span> <span class='ocrx_word' id='word_1_78' title='bbox 889 812 1097 863; x_wconf 83' lang='lat' dir='ltr'><strong>explicare.</strong></span> 
     </span>
    </p>
   </div>
   <div class='ocr_carea' id='block_1_5' title="bbox 1153 812 1445 865">
    <p class='ocr_par' dir='ltr' id='par_1_5' title="bbox 1153 812 1445 865">
     <span class='ocr_line' id='line_1_11' title="bbox 1153 812 1445 865; baseline 0 -12"><span class='ocrx_word' id='word_1_79' title='bbox 1153 812 1324 865; x_wconf 88' lang='lat' dir='ltr'><strong>duasque</strong></span> <span class='ocrx_word' id='word_1_80' title='bbox 1353 825 1445 853; x_wconf 76' lang='lat' dir='ltr'><strong>cum</strong></span> 
     </span>
    </p>
   </div>
   <div class='ocr_carea' id='block_1_6' title="bbox 75 867 1445 923">
    <p class='ocr_par' dir='ltr' id='par_1_6' title="bbox 75 867 1445 923">
     <span class='ocr_line' id='line_1_12' title="bbox 75 867 1445 923; baseline 0.002 -14"><span class='ocrx_word' id='word_1_81' title='bbox 75 867 307 918; x_wconf 76' lang='lat' dir='ltr'><strong>ostendisset,</strong></span> <span class='ocrx_word' id='word_1_82' title='bbox 337 880 452 907; x_wconf 87' lang='lat' dir='ltr'><strong>vnam</strong></span> <span class='ocrx_word' id='word_1_83' title='bbox 473 880 614 916; x_wconf 84' lang='lat' dir='ltr'><strong>veram,</strong></span> <span class='ocrx_word' id='word_1_84' title='bbox 645 880 723 907; x_wconf 86' lang='lat' dir='ltr'><strong>nee</strong></span> <span class='ocrx_word' id='word_1_85' title='bbox 746 878 881 908; x_wconf 89' lang='lat' dir='ltr'><strong>tamen</strong></span> <span class='ocrx_word' id='word_1_86' title='bbox 903 870 1021 923; x_wconf 83' lang='lat' dir='ltr'><strong>vulgo</strong></span> <span class='ocrx_word' id='word_1_87' title='bbox 1042 879 1188 920; x_wconf 74' lang='lat' dir='ltr'><strong>notam,</strong></span> <span class='ocrx_word' id='word_1_88' title='bbox 1217 869 1445 912; x_wconf 59' lang='lat' dir='ltr'><strong>Atheniens</strong></span> 
     </span>
    </p>
   </div>
   <div class='ocr_carea' id='block_1_7' title="bbox 67 997 727 2236">
    <p class='ocr_par' dir='ltr' id='par_1_7' title="bbox 118 997 436 1054">
     <span class='ocr_line' id='line_1_13' title="bbox 118 997 436 1054; baseline -0.003 -14"><span class='ocrx_word' id='word_1_89' title='bbox 118 1000 160 1054; x_wconf 88' lang='lat' dir='ltr'><em>f</em></span> <span class='ocrx_word' id='word_1_90' title='bbox 175 999 229 1040; x_wconf 83' lang='lat' dir='ltr'><strong>Sc.</strong></span> <span class='ocrx_word' id='word_1_91' title='bbox 249 1004 265 1037; x_wconf 82' lang='grc' dir='ltr'>ὁ</span> <span class='ocrx_word' id='word_1_92' title='bbox 283 997 436 1046; x_wconf 68' lang='grc' dir='ltr'><strong>πόλεμος.</strong></span> 
     </span>
    </p>

    <p class='ocr_par' dir='ltr' id='par_1_8' title="bbox 67 1053 727 2236">
     <span class='ocr_line' id='line_1_14' title="bbox 130 1053 726 1113; baseline -0.002 -17"><span class='ocrx_word' id='word_1_93' title='bbox 130 1071 158 1113; x_wconf 86' lang='lat' dir='ltr'><em>g</em></span> <span class='ocrx_word' id='word_1_94' title='bbox 185 1056 310 1099; x_wconf 73' lang='grc' dir='ltr'><strong>Διττοὶς</strong></span> <span class='ocrx_word' id='word_1_95' title='bbox 342 1057 383 1096; x_wconf 72' lang='grc' dir='ltr'><strong>δὲ</strong></span> <span class='ocrx_word' id='word_1_96' title='bbox 409 1054 542 1100; x_wconf 71' lang='grc' dir='ltr'><strong>ταῦτκς</strong></span> <span class='ocrx_word' id='word_1_97' title='bbox 563 1053 726 1102; x_wconf 57' lang='grc' dir='ltr'><strong>ὖποέἔμέ-</strong></span> 
     </span>
     <span class='ocr_line' id='line_1_15' title="bbox 72 1113 724 1167; baseline -0.003 -14"><span class='ocrx_word' id='word_1_98' title='bbox 72 1114 139 1167; x_wconf 75' lang='grc' dir='ltr'><strong>νος]</strong></span> <span class='ocrx_word' id='word_1_99' title='bbox 178 1115 253 1153; x_wconf 69' lang='lat' dir='ltr'><strong>Hic</strong></span> <span class='ocrx_word' id='word_1_100' title='bbox 284 1113 463 1153; x_wconf 88' lang='lat' dir='ltr'><strong>ordinem</strong></span> <span class='ocrx_word' id='word_1_101' title='bbox 494 1114 724 1152; x_wconf 84' lang='lat' dir='ltr'><strong>narrationis</strong></span> 
     </span>
     <span class='ocr_line' id='line_1_16' title="bbox 69 1168 725 1224; baseline -0.005 -14"><span class='ocrx_word' id='word_1_102' title='bbox 69 1168 323 1224; x_wconf 83' lang='lat' dir='ltr'><strong>Thucydideae</strong></span> <span class='ocrx_word' id='word_1_103' title='bbox 359 1169 615 1222; x_wconf 86' lang='lat' dir='ltr'><strong>reprehendit</strong></span> <span class='ocrx_word' id='word_1_104' title='bbox 632 1170 725 1209; x_wconf 84' lang='lat' dir='ltr'><strong>Dio-</strong></span> 
     </span>
     <span class='ocr_line' id='line_1_17' title="bbox 69 1226 726 1279; baseline -0.002 -13"><span class='ocrx_word' id='word_1_105' title='bbox 69 1226 222 1279; x_wconf 57' lang='lat' dir='ltr'><strong>nyfi&#39;uss</strong></span> <span class='ocrx_word' id='word_1_106' title='bbox 251 1227 368 1278; x_wconf 86' lang='lat' dir='ltr'><strong>quod,</strong></span> <span class='ocrx_word' id='word_1_107' title='bbox 390 1240 478 1266; x_wconf 89' lang='lat' dir='ltr'><strong>cum</strong></span> <span class='ocrx_word' id='word_1_108' title='bbox 502 1227 595 1266; x_wconf 88' lang='lat' dir='ltr'><strong>duas</strong></span> <span class='ocrx_word' id='word_1_109' title='bbox 616 1236 726 1279; x_wconf 85' lang='lat' dir='ltr'><strong>prae-</strong></span> 
     </span>
     <span class='ocr_line' id='line_1_18' title="bbox 67 1279 726 1335; baseline 0.002 -14"><span class='ocrx_word' id='word_1_110' title='bbox 67 1279 252 1335; x_wconf 79' lang='lat' dir='ltr'><strong>posuisset</strong></span> <span class='ocrx_word' id='word_1_111' title='bbox 282 1282 374 1322; x_wconf 81' lang='lat' dir='ltr'><strong>belli</strong></span> <span class='ocrx_word' id='word_1_112' title='bbox 395 1280 535 1329; x_wconf 86' lang='lat' dir='ltr'>causas,</span> <span class='ocrx_word' id='word_1_113' title='bbox 566 1284 726 1322; x_wconf 86' lang='lat' dir='ltr'><strong>alteram</strong></span> 
     </span>
     <span class='ocr_line' id='line_1_19' title="bbox 70 1338 726 1391; baseline -0.002 -13"><span class='ocrx_word' id='word_1_114' title='bbox 70 1352 213 1388; x_wconf 88' lang='lat' dir='ltr'><strong>veram,</strong></span> <span class='ocrx_word' id='word_1_115' title='bbox 239 1338 291 1378; x_wconf 86' lang='lat' dir='ltr'><strong>de</strong></span> <span class='ocrx_word' id='word_1_116' title='bbox 307 1341 484 1391; x_wconf 87' lang='lat' dir='ltr'><strong>potentia</strong></span> <span class='ocrx_word' id='word_1_117' title='bbox 504 1338 726 1379; x_wconf 86' lang='lat' dir='ltr'><strong>Athenien-</strong></span> 
     </span>
     <span class='ocr_line' id='line_1_20' title="bbox 68 1394 726 1447; baseline -0.002 -12"><span class='ocrx_word' id='word_1_118' title='bbox 68 1394 186 1443; x_wconf 81' lang='lat' dir='ltr'><strong>fium,</strong></span> <span class='ocrx_word' id='word_1_119' title='bbox 215 1396 372 1435; x_wconf 90' lang='lat' dir='ltr'><strong>alteram</strong></span> <span class='ocrx_word' id='word_1_120' title='bbox 403 1395 527 1435; x_wconf 70' lang='grc' dir='ltr'><strong>ἦξὶεῐῃ</strong></span> <span class='ocrx_word' id='word_1_121' title='bbox 559 1404 600 1434; x_wconf 84' lang='lat' dir='ltr'><strong>et</strong></span> <span class='ocrx_word' id='word_1_122' title='bbox 618 1406 726 1447; x_wconf 85' lang='lat' dir='ltr'><strong>prae-</strong></span> 
     </span>
     <span class='ocr_line' id='line_1_21' title="bbox 68 1450 726 1504; baseline -0.003 -13"><span class='ocrx_word' id='word_1_123' title='bbox 68 1461 238 1501; x_wconf 84' lang='lat' dir='ltr'><strong>textam,</strong></span> <span class='ocrx_word' id='word_1_124' title='bbox 279 1451 330 1492; x_wconf 92' lang='lat' dir='ltr'><strong>de</strong></span> <span class='ocrx_word' id='word_1_125' title='bbox 361 1451 476 1491; x_wconf 85' lang='lat' dir='ltr'><strong>rebus</strong></span> <span class='ocrx_word' id='word_1_126' title='bbox 503 1450 550 1491; x_wconf 86' lang='lat' dir='ltr'><strong>ad</strong></span> <span class='ocrx_word' id='word_1_127' title='bbox 583 1450 726 1504; x_wconf 89' lang='lat' dir='ltr'><strong>Epida-</strong></span> 
     </span>
     <span class='ocr_line' id='line_1_22' title="bbox 67 1507 723 1561; baseline -0.003 -13"><span class='ocrx_word' id='word_1_128' title='bbox 67 1521 203 1548; x_wconf 88' lang='lat' dir='ltr'><strong>mnum</strong></span> <span class='ocrx_word' id='word_1_129' title='bbox 251 1517 289 1548; x_wconf 92' lang='lat' dir='ltr'><strong>et</strong></span> <span class='ocrx_word' id='word_1_130' title='bbox 336 1508 560 1548; x_wconf 84' lang='lat' dir='ltr'><strong>Potidaeam</strong></span> <span class='ocrx_word' id='word_1_131' title='bbox 597 1507 723 1561; x_wconf 86' lang='lat' dir='ltr'><strong>gestis,</strong></span> 
     </span>
     <span class='ocr_line' id='line_1_23' title="bbox 67 1561 725 1617; baseline 0 -14"><span class='ocrx_word' id='word_1_132' title='bbox 67 1561 199 1604; x_wconf 85' lang='lat' dir='ltr'><strong>falsam</strong></span> <span class='ocrx_word' id='word_1_133' title='bbox 233 1574 365 1604; x_wconf 83' lang='lat' dir='ltr'><strong>tamen</strong></span> <span class='ocrx_word' id='word_1_134' title='bbox 398 1577 437 1604; x_wconf 89' lang='lat' dir='ltr'><strong>et</strong></span> <span class='ocrx_word' id='word_1_135' title='bbox 467 1565 725 1617; x_wconf 81' lang='lat' dir='ltr'><strong>posteriorem</strong></span> 
     </span>
     <span class='ocr_line' id='line_1_24' title="bbox 69 1622 724 1675; baseline -0.002 -15"><span class='ocrx_word' id='word_1_136' title='bbox 69 1622 198 1675; x_wconf 72' lang='lat' dir='ltr'><strong>prius,</strong></span> <span class='ocrx_word' id='word_1_137' title='bbox 228 1634 356 1661; x_wconf 86' lang='lat' dir='ltr'><strong>veram</strong></span> <span class='ocrx_word' id='word_1_138' title='bbox 388 1622 439 1660; x_wconf 92' lang='lat' dir='ltr'><strong>de</strong></span> <span class='ocrx_word' id='word_1_139' title='bbox 467 1622 724 1660; x_wconf 86' lang='lat' dir='ltr'><strong>incrementis</strong></span> 
     </span>
     <span class='ocr_line' id='line_1_25' title="bbox 68 1676 725 1730; baseline 0 -13"><span class='ocrx_word' id='word_1_140' title='bbox 68 1689 108 1717; x_wconf 91' lang='lat' dir='ltr'><strong>et</strong></span> <span class='ocrx_word' id='word_1_141' title='bbox 128 1676 275 1716; x_wconf 90' lang='lat' dir='ltr'><strong>viribus</strong></span> <span class='ocrx_word' id='word_1_142' title='bbox 288 1677 587 1718; x_wconf 78' lang='lat' dir='ltr'><strong>Atheniensium</strong></span> <span class='ocrx_word' id='word_1_143' title='bbox 602 1677 725 1730; x_wconf 89' lang='lat' dir='ltr'><strong>poste-</strong></span> 
     </span>
     <span class='ocr_line' id='line_1_26' title="bbox 68 1734 724 1775; baseline -0.002 -2"><span class='ocrx_word' id='word_1_144' title='bbox 68 1734 146 1773; x_wconf 82' lang='lat' dir='ltr'><strong>rius</strong></span> <span class='ocrx_word' id='word_1_145' title='bbox 165 1735 338 1774; x_wconf 87' lang='lat' dir='ltr'><strong>narrarit.</strong></span> <span class='ocrx_word' id='word_1_146' title='bbox 367 1740 419 1775; x_wconf 81' lang='lat' dir='ltr'><strong>At</strong></span> <span class='ocrx_word' id='word_1_147' title='bbox 438 1747 530 1773; x_wconf 85' lang='lat' dir='ltr'><strong>vero</strong></span> <span class='ocrx_word' id='word_1_148' title='bbox 550 1743 724 1773; x_wconf 85' lang='lat' dir='ltr'><strong>naturam·</strong></span> 
     </span>
     <span class='ocr_line' id='line_1_27' title="bbox 70 1789 724 1843; baseline -0.002 -14"><span class='ocrx_word' id='word_1_149' title='bbox 70 1789 278 1843; x_wconf 85' lang='lat' dir='ltr'><strong>postulare,</strong></span> <span class='ocrx_word' id='word_1_150' title='bbox 299 1802 337 1830; x_wconf 91' lang='lat' dir='ltr'><strong>vt</strong></span> <span class='ocrx_word' id='word_1_151' title='bbox 356 1792 485 1843; x_wconf 85' lang='lat' dir='ltr'><strong>priora</strong></span> <span class='ocrx_word' id='word_1_152' title='bbox 505 1790 724 1842; x_wconf 79' lang='lat' dir='ltr'><strong>posteriori·</strong></span> 
     </span>
     <span class='ocr_line' id='line_1_28' title="bbox 70 1846 726 1899; baseline 0.002 -15"><span class='ocrx_word' id='word_1_153' title='bbox 70 1846 156 1891; x_wconf 85' lang='lat' dir='ltr'><strong>bus.</strong></span> <span class='ocrx_word' id='word_1_154' title='bbox 187 1859 277 1885; x_wconf 85' lang='lat' dir='ltr'><strong>vera</strong></span> <span class='ocrx_word' id='word_1_155' title='bbox 297 1846 409 1896; x_wconf 73' lang='lat' dir='ltr'><strong>falsis,</strong></span> <span class='ocrx_word' id='word_1_156' title='bbox 443 1849 548 1899; x_wconf 86' lang='lat' dir='ltr'><strong>prius</strong></span> <span class='ocrx_word' id='word_1_157' title='bbox 571 1856 726 1886; x_wconf 74' lang='lat' dir='ltr'><strong>narren-v</strong></span> 
     </span>
     <span class='ocr_line' id='line_1_29' title="bbox 71 1903 725 1955; baseline 0 -14"><span class='ocrx_word' id='word_1_158' title='bbox 71 1912 146 1941; x_wconf 85' lang='lat' dir='ltr'><strong>tur.</strong></span> <span class='ocrx_word' id='word_1_159' title='bbox 203 1905 288 1955; x_wconf 84' lang='lat' dir='ltr'><strong>Ego</strong></span> <span class='ocrx_word' id='word_1_160' title='bbox 318 1913 446 1942; x_wconf 86' lang='lat' dir='ltr'><strong>autem</strong></span> <span class='ocrx_word' id='word_1_161' title='bbox 467 1903 621 1942; x_wconf 81' lang='lat' dir='ltr'><strong>viciffim</strong></span> <span class='ocrx_word' id='word_1_162' title='bbox 641 1916 725 1941; x_wconf 90' lang='lat' dir='ltr'><strong>non</strong></span> 
     </span>
     <span class='ocr_line' id='line_1_30' title="bbox 70 1955 727 2011; baseline 0.003 -15"><span class='ocrx_word' id='word_1_163' title='bbox 70 1958 207 2006; x_wconf 87' lang='lat' dir='ltr'><strong>video,</strong></span> <span class='ocrx_word' id='word_1_164' title='bbox 241 1969 310 1997; x_wconf 91' lang='lat' dir='ltr'><strong>cur</strong></span> <span class='ocrx_word' id='word_1_165' title='bbox 339 1955 489 2010; x_wconf 87' lang='lat' dir='ltr'><strong>semper</strong></span> <span class='ocrx_word' id='word_1_166' title='bbox 516 1961 648 2011; x_wconf 85' lang='lat' dir='ltr'><strong>priora</strong></span> <span class='ocrx_word' id='word_1_167' title='bbox 676 1957 727 1998; x_wconf 90' lang='lat' dir='ltr'><strong>se-</strong></span> 
     </span>
     <span class='ocr_line' id='line_1_31' title="bbox 72 2014 727 2067; baseline 0.003 -15"><span class='ocrx_word' id='word_1_168' title='bbox 72 2014 295 2067; x_wconf 81' lang='lat' dir='ltr'><strong>quentibus,</strong></span> <span class='ocrx_word' id='word_1_169' title='bbox 319 2026 356 2053; x_wconf 88' lang='lat' dir='ltr'><strong>et</strong></span> <span class='ocrx_word' id='word_1_170' title='bbox 371 2016 493 2054; x_wconf 84' lang='lat' dir='ltr'><strong>multo</strong></span> <span class='ocrx_word' id='word_1_171' title='bbox 505 2018 639 2062; x_wconf 88' lang='lat' dir='ltr'><strong>minus,</strong></span> <span class='ocrx_word' id='word_1_172' title='bbox 660 2028 727 2054; x_wconf 91' lang='lat' dir='ltr'><strong>cur</strong></span> 
     </span>
     <span class='ocr_line' id='line_1_32' title="bbox 72 2069 726 2119; baseline -0.003 -9"><span class='ocrx_word' id='word_1_173' title='bbox 72 2083 161 2110; x_wconf 87' lang='lat' dir='ltr'><strong>vera</strong></span> <span class='ocrx_word' id='word_1_174' title='bbox 196 2069 310 2119; x_wconf 76' lang='lat' dir='ltr'><strong>saliis,</strong></span> <span class='ocrx_word' id='word_1_175' title='bbox 357 2073 398 2110; x_wconf 90' lang='lat' dir='ltr'><strong>in</strong></span> <span class='ocrx_word' id='word_1_176' title='bbox 435 2071 627 2110; x_wconf 87' lang='lat' dir='ltr'><strong>narrando</strong></span> <span class='ocrx_word' id='word_1_177' title='bbox 654 2071 726 2110; x_wconf 82' lang='lat' dir='ltr'><strong>{int</strong></span> 
     </span>
     <span class='ocr_line' id='line_1_33' title="bbox 74 2124 727 2180; baseline 0 -14"><span class='ocrx_word' id='word_1_178' title='bbox 74 2124 371 2180; x_wconf 85' lang='lat' dir='ltr'><strong>praeponenda.</strong></span> <span class='ocrx_word' id='word_1_179' title='bbox 448 2127 588 2166; x_wconf 74' lang='lat' dir='ltr'><strong>Fabius</strong></span> <span class='ocrx_word' id='word_1_180' title='bbox 619 2138 727 2166; x_wconf 89' lang='lat' dir='ltr'><strong>certe</strong></span> 
     </span>
     <span class='ocr_line' id='line_1_34' title="bbox 74 2181 725 2236; baseline -0.003 -13"><span class='ocrx_word' id='word_1_181' title='bbox 74 2195 269 2223; x_wconf 83' lang='lat' dir='ltr'><strong>oratorem</strong></span> <span class='ocrx_word' id='word_1_182' title='bbox 299 2195 381 2222; x_wconf 87' lang='lat' dir='ltr'><strong>non</strong></span> <span class='ocrx_word' id='word_1_183' title='bbox 413 2181 564 2236; x_wconf 88' lang='lat' dir='ltr'><strong>semper</strong></span> <span class='ocrx_word' id='word_1_184' title='bbox 592 2197 639 2223; x_wconf 91' lang='lat' dir='ltr'><strong>eo</strong></span> <span class='ocrx_word' id='word_1_185' title='bbox 668 2197 725 2222; x_wconf 86' lang='lat' dir='ltr'><strong>or·</strong></span> 
     </span>
    </p>
   </div>
   <div class='ocr_carea' id='block_1_8' title="bbox 74 2239 755 2292">
    <p class='ocr_par' dir='ltr' id='par_1_9' title="bbox 74 2239 755 2292">
     <span class='ocr_line' id='line_1_35' title="bbox 74 2239 755 2292; baseline -0.003 -13"><span class='ocrx_word' id='word_1_186' title='bbox 74 2240 181 2286; x_wconf 88' lang='lat' dir='ltr'><strong>dine,</strong></span> <span class='ocrx_word' id='word_1_187' title='bbox 197 2253 274 2290; x_wconf 88' lang='lat' dir='ltr'><strong>quo</strong></span> <span class='ocrx_word' id='word_1_188' title='bbox 293 2240 387 2292; x_wconf 85' lang='lat' dir='ltr'><strong>quid</strong></span> <span class='ocrx_word' id='word_1_189' title='bbox 412 2239 464 2279; x_wconf 88' lang='lat' dir='ltr'><strong>est</strong></span> <span class='ocrx_word' id='word_1_190' title='bbox 480 2241 619 2288; x_wconf 62' lang='lat' dir='ltr'><strong>assum,</strong></span> <span class='ocrx_word' id='word_1_191' title='bbox 642 2248 723 2278; x_wconf 82' lang='lat' dir='ltr'><strong>nar&#39;-</strong></span> <span class='ocrx_word' id='word_1_192' title='bbox 743 2264 755 2272; x_wconf 50' lang='lat' dir='ltr'><strong>a</strong></span> 
     </span>
    </p>
   </div>
   <div class='ocr_carea' id='block_1_9' title="bbox 70 2294 725 2462">
    <p class='ocr_par' dir='ltr' id='par_1_10' title="bbox 70 2294 725 2462">
     <span class='ocr_line' id='line_1_36' title="bbox 75 2294 722 2347; baseline -0.005 -11"><span class='ocrx_word' id='word_1_193' title='bbox 75 2310 160 2336; x_wconf 84' lang='lat' dir='ltr'><strong>rare</strong></span> <span class='ocrx_word' id='word_1_194' title='bbox 179 2295 299 2346; x_wconf 87' lang='lat' dir='ltr'><strong>iubet,</strong></span> <span class='ocrx_word' id='word_1_195' title='bbox 330 2294 392 2335; x_wconf 87' lang='lat' dir='ltr'><strong>sed</strong></span> <span class='ocrx_word' id='word_1_196' title='bbox 415 2310 463 2335; x_wconf 86' lang='lat' dir='ltr'><strong>eo</strong></span> <span class='ocrx_word' id='word_1_197' title='bbox 484 2296 612 2342; x_wconf 80' lang='lat' dir='ltr'><strong>modo,</strong></span> <span class='ocrx_word' id='word_1_198' title='bbox 643 2308 722 2347; x_wconf 88' lang='lat' dir='ltr'><strong>quo</strong></span> 
     </span>
     <span class='ocr_line' id='line_1_37' title="bbox 70 2352 725 2403; baseline -0.002 -11"><span class='ocrx_word' id='word_1_199' title='bbox 70 2352 254 2403; x_wconf 85' lang='lat' dir='ltr'><strong>expedit:</strong></span> <span class='ocrx_word' id='word_1_200' title='bbox 278 2353 587 2403; x_wconf 84' lang='lat' dir='ltr'><strong>itaqueinterim,</strong></span> <span class='ocrx_word' id='word_1_201' title='bbox 608 2353 668 2400; x_wconf 86' lang='lat' dir='ltr'><strong>air,</strong></span> <span class='ocrx_word' id='word_1_202' title='bbox 683 2365 725 2391; x_wconf 88' lang='lat' dir='ltr'><strong>re</strong></span> 
     </span>
     <span class='ocr_line' id='line_1_38' title="bbox 74 2406 721 2462; baseline -0.003 -14"><span class='ocrx_word' id='word_1_203' title='bbox 74 2407 255 2459; x_wconf 74' lang='lat' dir='ltr'><strong>exposita,</strong></span> <span class='ocrx_word' id='word_1_204' title='bbox 279 2406 419 2448; x_wconf 79' lang='lat' dir='ltr'><strong>cauffas</strong></span> <span class='ocrx_word' id='word_1_205' title='bbox 444 2407 621 2462; x_wconf 82' lang='lat' dir='ltr'><strong>subiungi</strong></span> <span class='ocrx_word' id='word_1_206' title='bbox 642 2407 721 2459; x_wconf 87' lang='lat' dir='ltr'><strong>pos-</strong></span> 
     </span>
    </p>
   </div>
   <div class='ocr_carea' id='block_1_10' title="bbox 9 2463 722 2515">
    <p class='ocr_par' dir='ltr' id='par_1_11' title="bbox 9 2463 722 2515">
     <span class='ocr_line' id='line_1_39' title="bbox 9 2463 722 2515; baseline -0.003 -11"><span class='ocrx_word' id='word_1_207' title='bbox 9 2483 12 2487; x_wconf 95' lang='lat'>·</span> <span class='ocrx_word' id='word_1_208' title='bbox 74 2463 247 2513; x_wconf 74' lang='lat' dir='ltr'><strong>se,quae</strong></span> <span class='ocrx_word' id='word_1_209' title='bbox 264 2463 556 2505; x_wconf 87' lang='lat' dir='ltr'><strong>antecesserunt.</strong></span> <span class='ocrx_word' id='word_1_210' title='bbox 604 2463 722 2515; x_wconf 87' lang='lat' dir='ltr'><strong>Quod</strong></span> 
     </span>
    </p>
   </div>
   <div class='ocr_carea' id='block_1_11' title="bbox 72 2518 727 2734">
    <p class='ocr_par' dir='ltr' id='par_1_12' title="bbox 72 2518 725 2574">
     <span class='ocr_line' id='line_1_40' title="bbox 72 2518 725 2574; baseline 0 -14"><span class='ocrx_word' id='word_1_211' title='bbox 72 2520 99 2560; x_wconf 82' lang='lat' dir='ltr'>fi</span> <span class='ocrx_word' id='word_1_212' title='bbox 127 2519 374 2574; x_wconf 85' lang='lat' dir='ltr'><strong>Thucydides,</strong></span> <span class='ocrx_word' id='word_1_213' title='bbox 406 2519 606 2572; x_wconf 83' lang='lat' dir='ltr'><strong>praemissa</strong></span> <span class='ocrx_word' id='word_1_214' title='bbox 635 2518 725 2560; x_wconf 85' lang='lat' dir='ltr'><strong>falsa</strong></span> 
     </span>
    </p>

    <p class='ocr_par' dir='ltr' id='par_1_13' title="bbox 76 2574 725 2627">
     <span class='ocr_line' id='line_1_41' title="bbox 76 2574 725 2627; baseline 0 -12"><span class='ocrx_word' id='word_1_215' title='bbox 76 2574 203 2621; x_wconf 82' lang='lat' dir='ltr'><strong>causa,</strong></span> <span class='ocrx_word' id='word_1_216' title='bbox 250 2574 370 2627; x_wconf 90' lang='lat' dir='ltr'><strong>ipsum</strong></span> <span class='ocrx_word' id='word_1_217' title='bbox 397 2576 540 2616; x_wconf 87' lang='lat' dir='ltr'><strong>bellum</strong></span> <span class='ocrx_word' id='word_1_218' title='bbox 570 2589 725 2616; x_wconf 85' lang='lat' dir='ltr'><strong>narrare</strong></span> 
     </span>
    </p>

    <p class='ocr_par' dir='ltr' id='par_1_14' title="bbox 73 2630 727 2734">
     <span class='ocr_line' id='line_1_42' title="bbox 73 2630 727 2683; baseline 0.002 -11"><span class='ocrx_word' id='word_1_219' title='bbox 73 2630 198 2680; x_wconf 78' lang='lat' dir='ltr'><strong>orsus,</strong></span> <span class='ocrx_word' id='word_1_220' title='bbox 248 2632 377 2683; x_wconf 85' lang='lat' dir='ltr'><strong>postea</strong></span> <span class='ocrx_word' id='word_1_221' title='bbox 410 2633 571 2672; x_wconf 83' lang='lat' dir='ltr'><strong>demum</strong></span> <span class='ocrx_word' id='word_1_222' title='bbox 597 2644 727 2673; x_wconf 86' lang='lat' dir='ltr'><strong>veram</strong></span> 
     </span>
     <span class='ocr_line' id='line_1_43' title="bbox 126 2690 566 2734; baseline 0 -6"><span class='ocrx_word' id='word_1_223' title='bbox 126 2696 259 2730; x_wconf 58' lang='lat' dir='ltr'><strong>mom·</strong></span> <span class='ocrx_word' id='word_1_224' title='bbox 271 2701 372 2734; x_wconf 74' lang='lat' dir='ltr'><strong>HAL.</strong></span> <span class='ocrx_word' id='word_1_225' title='bbox 383 2702 485 2732; x_wconf 69' lang='lat' dir='ltr'><strong>von.</strong></span> <span class='ocrx_word' id='word_1_226' title='bbox 501 2690 566 2730; x_wconf 82' lang='lat' dir='ltr'><strong>VI.</strong></span> 
     </span>
    </p>
   </div>
   <div class='ocr_carea' id='block_1_12' title="bbox 780 926 1445 2727">
    <p class='ocr_par' dir='ltr' id='par_1_15' title="bbox 1344 926 1443 968">
     <span class='ocr_line' id='line_1_44' title="bbox 1344 926 1443 968; baseline 0.02 -3"><span class='ocrx_word' id='word_1_227' title='bbox 1344 926 1443 968; x_wconf 83' lang='lat' dir='ltr'><strong>fium</strong></span> 
     </span>
    </p>

    <p class='ocr_par' dir='ltr' id='par_1_16' title="bbox 780 994 1445 2727">
     <span class='ocr_line' id='line_1_45' title="bbox 783 994 1443 1054; baseline 0.006 -16"><span class='ocrx_word' id='word_1_228' title='bbox 783 998 1002 1052; x_wconf 70' lang='lat' dir='ltr'><strong>aperuisset,</strong></span> <span class='ocrx_word' id='word_1_229' title='bbox 1027 999 1265 1054; x_wconf 83' lang='lat' dir='ltr'><strong>reprehendi</strong></span> <span class='ocrx_word' id='word_1_230' title='bbox 1282 994 1443 1042; x_wconf 65' lang='lat' dir='ltr'><strong>fortasse</strong></span> 
     </span>
     <span class='ocr_line' id='line_1_46' title="bbox 783 1054 1441 1110; baseline 0.006 -15"><span class='ocrx_word' id='word_1_231' title='bbox 783 1054 920 1108; x_wconf 72' lang='lat' dir='ltr'><strong>poss&#39;et.</strong></span> <span class='ocrx_word' id='word_1_232' title='bbox 969 1060 1096 1105; x_wconf 82' lang='lat' dir='ltr'><strong>Nunc,</strong></span> <span class='ocrx_word' id='word_1_233' title='bbox 1116 1068 1322 1110; x_wconf 89' lang='lat' dir='ltr'><strong>antequam</strong></span> <span class='ocrx_word' id='word_1_234' title='bbox 1346 1057 1441 1099; x_wconf 81' lang='lat' dir='ltr'><strong>belli</strong></span> 
     </span>
     <span class='ocr_line' id='line_1_47' title="bbox 782 1112 1444 1166; baseline 0.006 -16"><span class='ocrx_word' id='word_1_235' title='bbox 782 1113 938 1152; x_wconf 88' lang='lat' dir='ltr'><strong>initium</strong></span> <span class='ocrx_word' id='word_1_236' title='bbox 962 1113 1091 1163; x_wconf 85' lang='lat' dir='ltr'><strong>faciat,</strong></span> <span class='ocrx_word' id='word_1_237' title='bbox 1118 1124 1322 1166; x_wconf 77' lang='lat' dir='ltr'><strong>vti-amque</strong></span> <span class='ocrx_word' id='word_1_238' title='bbox 1342 1112 1444 1154; x_wconf 85' lang='lat' dir='ltr'><strong>caus-</strong></span> 
     </span>
     <span class='ocr_line' id='line_1_48' title="bbox 783 1164 1443 1222; baseline 0.006 -15"><span class='ocrx_word' id='word_1_239' title='bbox 783 1167 859 1208; x_wconf 91' lang='lat' dir='ltr'><strong>sam</strong></span> <span class='ocrx_word' id='word_1_240' title='bbox 872 1164 1054 1217; x_wconf 81' lang='lat' dir='ltr'><strong>absolute,</strong></span> <span class='ocrx_word' id='word_1_241' title='bbox 1081 1180 1157 1208; x_wconf 87' lang='lat' dir='ltr'><strong>tam</strong></span> <span class='ocrx_word' id='word_1_242' title='bbox 1171 1183 1311 1219; x_wconf 84' lang='lat' dir='ltr'><strong>veram,</strong></span> <span class='ocrx_word' id='word_1_243' title='bbox 1326 1179 1443 1222; x_wconf 83' lang='lat' dir='ltr'><strong>quani</strong></span> 
     </span>
     <span class='ocr_line' id='line_1_49' title="bbox 782 1222 1441 1274; baseline 0.003 -10"><span class='ocrx_word' id='word_1_244' title='bbox 782 1222 927 1274; x_wconf 80' lang='lat' dir='ltr'><strong>falsam,</strong></span> <span class='ocrx_word' id='word_1_245' title='bbox 955 1238 1151 1272; x_wconf 84' lang='lat' dir='ltr'><strong>enarrans,</strong></span> <span class='ocrx_word' id='word_1_246' title='bbox 1179 1226 1276 1265; x_wconf 88' lang='lat' dir='ltr'><strong>nihil</strong></span> <span class='ocrx_word' id='word_1_247' title='bbox 1306 1226 1377 1265; x_wconf 83' lang='lat' dir='ltr'><strong>hac</strong></span> <span class='ocrx_word' id='word_1_248' title='bbox 1397 1228 1441 1267; x_wconf 80' lang='lat' dir='ltr'><strong>in</strong></span> 
     </span>
     <span class='ocr_line' id='line_1_50' title="bbox 782 1278 1442 1334; baseline 0.005 -14"><span class='ocrx_word' id='word_1_249' title='bbox 782 1292 893 1334; x_wconf 85' lang='lat' dir='ltr'><strong>parte</strong></span> <span class='ocrx_word' id='word_1_250' title='bbox 914 1283 1114 1334; x_wconf 73' lang='lat' dir='ltr'><strong>pei-uertit.</strong></span> <span class='ocrx_word' id='word_1_251' title='bbox 1145 1283 1223 1322; x_wconf 91' lang='lat' dir='ltr'><strong>Sed</strong></span> <span class='ocrx_word' id='word_1_252' title='bbox 1249 1291 1320 1322; x_wconf 87' lang='lat' dir='ltr'><strong>nec</strong></span> <span class='ocrx_word' id='word_1_253' title='bbox 1344 1278 1442 1323; x_wconf 85' lang='lat' dir='ltr'><strong>illud</strong></span> 
     </span>
     <span class='ocr_line' id='line_1_51' title="bbox 783 1338 1445 1390; baseline 0.003 -14"><span class='ocrx_word' id='word_1_254' title='bbox 783 1338 950 1377; x_wconf 91' lang='lat' dir='ltr'><strong>omnino</strong></span> <span class='ocrx_word' id='word_1_255' title='bbox 973 1346 1108 1379; x_wconf 87' lang='lat' dir='ltr'><strong>verum</strong></span> <span class='ocrx_word' id='word_1_256' title='bbox 1129 1338 1196 1385; x_wconf 89' lang='lat' dir='ltr'><strong>est,</strong></span> <span class='ocrx_word' id='word_1_257' title='bbox 1218 1339 1323 1390; x_wconf 89' lang='lat' dir='ltr'><strong>quod</strong></span> <span class='ocrx_word' id='word_1_258' title='bbox 1345 1339 1445 1378; x_wconf 73' lang='lat' dir='ltr'><em>Thu-</em></span> 
     </span>
     <span class='ocr_line' id='line_1_52' title="bbox 782 1391 1442 1443; baseline 0.003 -10"><span class='ocrx_word' id='word_1_259' title='bbox 782 1395 930 1443; x_wconf 78' lang='lat' dir='ltr'><strong>cydides</strong></span> <span class='ocrx_word' id='word_1_260' title='bbox 951 1393 1063 1433; x_wconf 84' lang='lat' dir='ltr'><strong>falsas</strong></span> <span class='ocrx_word' id='word_1_261' title='bbox 1077 1391 1218 1433; x_wconf 81' lang='lat' dir='ltr'><strong>cauffas</strong></span> <span class='ocrx_word' id='word_1_262' title='bbox 1230 1407 1321 1434; x_wconf 89' lang='lat' dir='ltr'><strong>ante</strong></span> <span class='ocrx_word' id='word_1_263' title='bbox 1333 1403 1442 1435; x_wconf 63' lang='lat' dir='ltr'><strong>veras</strong></span> 
     </span>
     <span class='ocr_line' id='line_1_53' title="bbox 782 1449 1442 1492; baseline 0.003 -2"><span class='ocrx_word' id='word_1_264' title='bbox 782 1459 949 1490; x_wconf 82' lang='lat' dir='ltr'><strong>enarret.</strong></span> <span class='ocrx_word' id='word_1_265' title='bbox 985 1454 1128 1491; x_wconf 86' lang='lat' dir='ltr'><strong>Veram</strong></span> <span class='ocrx_word' id='word_1_266' title='bbox 1149 1454 1256 1490; x_wconf 89' lang='lat' dir='ltr'><strong>enim</strong></span> <span class='ocrx_word' id='word_1_267' title='bbox 1275 1449 1442 1492; x_wconf 80' lang='lat' dir='ltr'><strong>cauffam</strong></span> 
     </span>
     <span class='ocr_line' id='line_1_54' title="bbox 782 1505 1444 1557; baseline 0 -11"><span class='ocrx_word' id='word_1_268' title='bbox 782 1509 834 1546; x_wconf 91' lang='lat' dir='ltr'><strong>ait</strong></span> <span class='ocrx_word' id='word_1_269' title='bbox 855 1505 967 1547; x_wconf 83' lang='lat' dir='ltr'><strong>fuiffe</strong></span> <span class='ocrx_word' id='word_1_270' title='bbox 987 1506 1286 1549; x_wconf 78' lang='lat' dir='ltr'><strong>Atheniensium</strong></span> <span class='ocrx_word' id='word_1_271' title='bbox 1304 1515 1444 1557; x_wconf 86' lang='lat' dir='ltr'><strong>poten·</strong></span> 
     </span>
     <span class='ocr_line' id='line_1_55' title="bbox 782 1564 1442 1615; baseline 0 -13"><span class='ocrx_word' id='word_1_272' title='bbox 782 1565 885 1611; x_wconf 88' lang='lat' dir='ltr'><strong>tiam,</strong></span> <span class='ocrx_word' id='word_1_273' title='bbox 910 1577 1010 1615; x_wconf 87' lang='lat' dir='ltr'><strong>quae</strong></span> <span class='ocrx_word' id='word_1_274' title='bbox 1032 1564 1353 1605; x_wconf 82' lang='lat' dir='ltr'><strong>Lacedaemoniis</strong></span> <span class='ocrx_word' id='word_1_275' title='bbox 1384 1565 1442 1603; x_wconf 57' lang='lat' dir='ltr'><strong>ni*</strong></span> 
     </span>
     <span class='ocr_line' id='line_1_56' title="bbox 782 1618 1440 1666; baseline 0 -7"><span class='ocrx_word' id='word_1_276' title='bbox 782 1621 855 1660; x_wconf 90' lang='lat' dir='ltr'><strong>mis</strong></span> <span class='ocrx_word' id='word_1_277' title='bbox 874 1618 1045 1659; x_wconf 83' lang='lat' dir='ltr'><strong>crescere</strong></span> <span class='ocrx_word' id='word_1_278' title='bbox 1067 1618 1151 1666; x_wconf 83' lang='lat' dir='ltr'><strong>visa,</strong></span> <span class='ocrx_word' id='word_1_279' title='bbox 1185 1633 1250 1659; x_wconf 88' lang='lat' dir='ltr'><strong>eos</strong></span> <span class='ocrx_word' id='word_1_280' title='bbox 1268 1621 1308 1658; x_wconf 90' lang='lat' dir='ltr'><strong>in</strong></span> <span class='ocrx_word' id='word_1_281' title='bbox 1334 1633 1440 1659; x_wconf 85' lang='lat' dir='ltr'><strong>arma</strong></span> 
     </span>
     <span class='ocr_line' id='line_1_57' title="bbox 782 1673 1439 1728; baseline -0.005 -11"><span class='ocrx_word' id='word_1_282' title='bbox 782 1677 1031 1728; x_wconf 87' lang='lat' dir='ltr'><strong>compulerit.</strong></span> <span class='ocrx_word' id='word_1_283' title='bbox 1049 1678 1161 1715; x_wconf 85' lang='lat' dir='ltr'><strong>Hanc</strong></span> <span class='ocrx_word' id='word_1_284' title='bbox 1180 1688 1270 1715; x_wconf 86' lang='lat' dir='ltr'><strong>vero</strong></span> <span class='ocrx_word' id='word_1_285' title='bbox 1291 1677 1331 1714; x_wconf 88' lang='lat' dir='ltr'><strong>in</strong></span> <span class='ocrx_word' id='word_1_286' title='bbox 1356 1673 1439 1728; x_wconf 88' lang='lat' dir='ltr'><strong>ipso</strong></span> 
     </span>
     <span class='ocr_line' id='line_1_58' title="bbox 782 1729 1440 1786; baseline -0.002 -14"><span class='ocrx_word' id='word_1_287' title='bbox 782 1734 988 1786; x_wconf 82' lang='lat' dir='ltr'><strong>prooemio</strong></span> <span class='ocrx_word' id='word_1_288' title='bbox 1015 1734 1178 1786; x_wconf 86' lang='lat' dir='ltr'><strong>(vtpote</strong></span> <span class='ocrx_word' id='word_1_289' title='bbox 1206 1745 1288 1772; x_wconf 81' lang='lat' dir='ltr'><strong>rem</strong></span> <span class='ocrx_word' id='word_1_290' title='bbox 1309 1729 1361 1771; x_wconf 88' lang='lat' dir='ltr'><strong>sui</strong></span> <span class='ocrx_word' id='word_1_291' title='bbox 1385 1733 1440 1771; x_wconf 88' lang='lat' dir='ltr'><strong>iu-</strong></span> 
     </span>
     <span class='ocr_line' id='line_1_59' title="bbox 783 1788 1440 1840; baseline -0.003 -11"><span class='ocrx_word' id='word_1_292' title='bbox 783 1790 895 1838; x_wconf 81' lang='lat' dir='ltr'><strong>dicii,</strong></span> <span class='ocrx_word' id='word_1_293' title='bbox 925 1803 1008 1828; x_wconf 90' lang='lat' dir='ltr'><strong>non</strong></span> <span class='ocrx_word' id='word_1_294' title='bbox 1030 1788 1077 1827; x_wconf 86' lang='lat' dir='ltr'><strong>ab</strong></span> <span class='ocrx_word' id='word_1_295' title='bbox 1099 1789 1278 1828; x_wconf 88' lang='lat' dir='ltr'><strong>omnibus</strong></span> <span class='ocrx_word' id='word_1_296' title='bbox 1300 1802 1440 1840; x_wconf 91' lang='lat' dir='ltr'><strong>appro-</strong></span> 
     </span>
     <span class='ocr_line' id='line_1_60' title="bbox 782 1838 1438 1899; baseline 0 -14"><span class='ocrx_word' id='word_1_297' title='bbox 782 1845 911 1885; x_wconf 89' lang='lat' dir='ltr'><strong>batam</strong></span> <span class='ocrx_word' id='word_1_298' title='bbox 931 1855 971 1884; x_wconf 91' lang='lat' dir='ltr'><strong>et</strong></span> <span class='ocrx_word' id='word_1_299' title='bbox 991 1838 1288 1899; x_wconf 84' lang='lat' dir='ltr'><strong>conclamatam)</strong></span> <span class='ocrx_word' id='word_1_300' title='bbox 1311 1845 1438 1885; x_wconf 78' lang='lat' dir='ltr'><strong>statim</strong></span> 
     </span>
     <span class='ocr_line' id='line_1_61' title="bbox 783 1900 1440 1951; baseline -0.003 -10"><span class='ocrx_word' id='word_1_301' title='bbox 783 1903 1047 1948; x_wconf 83' lang='lat' dir='ltr'><strong>indicauerat,</strong></span> <span class='ocrx_word' id='word_1_302' title='bbox 1079 1900 1308 1949; x_wconf 86' lang='lat' dir='ltr'><strong>ostendens,</strong></span> <span class='ocrx_word' id='word_1_303' title='bbox 1341 1913 1440 1951; x_wconf 90' lang='lat' dir='ltr'><strong>quo-</strong></span> 
     </span>
     <span class='ocr_line' id='line_1_62' title="bbox 783 1957 1438 2008; baseline -0.005 -10"><span class='ocrx_word' id='word_1_304' title='bbox 783 1958 902 1998; x_wconf 90' lang='lat' dir='ltr'><strong>modo</strong></span> <span class='ocrx_word' id='word_1_305' title='bbox 931 1971 980 1998; x_wconf 86' lang='lat' dir='ltr'><strong>ex</strong></span> <span class='ocrx_word' id='word_1_306' title='bbox 1005 1971 1122 2008; x_wconf 86' lang='lat' dir='ltr'><strong>parua</strong></span> <span class='ocrx_word' id='word_1_307' title='bbox 1143 1969 1182 1996; x_wconf 91' lang='lat' dir='ltr'><strong>et</strong></span> <span class='ocrx_word' id='word_1_308' title='bbox 1201 1957 1338 1997; x_wconf 91' lang='lat' dir='ltr'><strong>humili</strong></span> <span class='ocrx_word' id='word_1_309' title='bbox 1360 1970 1438 1995; x_wconf 89' lang='lat' dir='ltr'><strong>ma-</strong></span> 
     </span>
     <span class='ocr_line' id='line_1_63' title="bbox 782 2014 1437 2055; baseline -0.002 -1"><span class='ocrx_word' id='word_1_310' title='bbox 782 2016 925 2055; x_wconf 86' lang='lat' dir='ltr'><strong>ximam</strong></span> <span class='ocrx_word' id='word_1_311' title='bbox 954 2021 994 2053; x_wconf 84' lang='lat' dir='ltr'><strong>et</strong></span> <span class='ocrx_word' id='word_1_312' title='bbox 1014 2014 1318 2053; x_wconf 79' lang='lat' dir='ltr'><strong>florentisiimam</strong></span> <span class='ocrx_word' id='word_1_313' title='bbox 1337 2026 1437 2053; x_wconf 85' lang='lat' dir='ltr'><strong>rem-</strong></span> 
     </span>
     <span class='ocr_line' id='line_1_64' title="bbox 784 2066 1434 2123; baseline -0.006 -13"><span class='ocrx_word' id='word_1_314' title='bbox 784 2070 878 2123; x_wconf 90' lang='lat' dir='ltr'><strong>pub.</strong></span> <span class='ocrx_word' id='word_1_315' title='bbox 933 2070 1105 2110; x_wconf 76' lang='lat' dir='ltr'><strong>fecerint</strong></span> <span class='ocrx_word' id='word_1_316' title='bbox 1154 2066 1434 2116; x_wconf 82' lang='lat' dir='ltr'><strong>Athenienses,</strong></span> 
     </span>
     <span class='ocr_line' id='line_1_65' title="bbox 783 2125 1437 2178; baseline 0.002 -14"><span class='ocrx_word' id='word_1_317' title='bbox 783 2126 983 2178; x_wconf 89' lang='lat' dir='ltr'><strong>quomodo</strong></span> <span class='ocrx_word' id='word_1_318' title='bbox 1032 2134 1118 2164; x_wconf 83' lang='lat' dir='ltr'><strong>cum</strong></span> <span class='ocrx_word' id='word_1_319' title='bbox 1157 2126 1286 2167; x_wconf 87' lang='lat' dir='ltr'><strong>Medis</strong></span> <span class='ocrx_word' id='word_1_320' title='bbox 1334 2125 1437 2165; x_wconf 81' lang='lat' dir='ltr'><strong>bella</strong></span> 
     </span>
     <span class='ocr_line' id='line_1_66' title="bbox 781 2179 1436 2237; baseline 0 -17"><span class='ocrx_word' id='word_1_321' title='bbox 781 2179 986 2237; x_wconf 72' lang='lat' dir='ltr'><strong>gesserint,</strong></span> <span class='ocrx_word' id='word_1_322' title='bbox 1026 2182 1226 2232; x_wconf 88' lang='lat' dir='ltr'><strong>quomodo</strong></span> <span class='ocrx_word' id='word_1_323' title='bbox 1264 2181 1436 2221; x_wconf 79' lang='lat' dir='ltr'><strong>Graecos</strong></span> 
     </span>
     <span class='ocr_line' id='line_1_67' title="bbox 780 2236 1437 2289; baseline -0.003 -12"><span class='ocrx_word' id='word_1_324' title='bbox 780 2238 845 2277; x_wconf 81' lang='lat' dir='ltr'><strong>fibi</strong></span> <span class='ocrx_word' id='word_1_325' title='bbox 868 2236 1110 2286; x_wconf 84' lang='lat' dir='ltr'><strong>subiecerint,</strong></span> <span class='ocrx_word' id='word_1_326' title='bbox 1134 2238 1333 2289; x_wconf 85' lang='lat' dir='ltr'><strong>quomodo</strong></span> <span class='ocrx_word' id='word_1_327' title='bbox 1346 2247 1437 2276; x_wconf 84' lang='lat' dir='ltr'><strong>cum</strong></span> 
     </span>
     <span class='ocr_line' id='line_1_68' title="bbox 780 2294 1433 2335; baseline -0.006 -1"><span class='ocrx_word' id='word_1_328' title='bbox 780 2294 1100 2335; x_wconf 82' lang='lat' dir='ltr'><strong>Lacedaemoniis</strong></span> <span class='ocrx_word' id='word_1_329' title='bbox 1141 2294 1433 2333; x_wconf 87' lang='lat' dir='ltr'><strong>contenderint.</strong></span> 
     </span>
     <span class='ocr_line' id='line_1_69' title="bbox 783 2351 1437 2402; baseline -0.005 -13"><span class='ocrx_word' id='word_1_330' title='bbox 783 2352 964 2390; x_wconf 85' lang='lat' dir='ltr'><strong>Tandem</strong></span> <span class='ocrx_word' id='word_1_331' title='bbox 982 2364 1081 2393; x_wconf 70' lang='lat' dir='ltr'><strong>vero,</strong></span> <span class='ocrx_word' id='word_1_332' title='bbox 1102 2351 1340 2402; x_wconf 67' lang='lat' dir='ltr'><strong>apertissimis</strong></span> <span class='ocrx_word' id='word_1_333' title='bbox 1353 2361 1437 2387; x_wconf 88' lang='lat' dir='ltr'><strong>ver-</strong></span> 
     </span>
     <span class='ocr_line' id='line_1_70' title="bbox 781 2405 1437 2454; baseline -0.008 -8"><span class='ocrx_word' id='word_1_334' title='bbox 781 2407 839 2446; x_wconf 84' lang='lat' dir='ltr'><strong>bis</strong></span> <span class='ocrx_word' id='word_1_335' title='bbox 861 2408 1028 2446; x_wconf 82' lang='lat' dir='ltr'><strong>indicata</strong></span> <span class='ocrx_word' id='word_1_336' title='bbox 1050 2419 1135 2445; x_wconf 80' lang='lat' dir='ltr'><strong>vera</strong></span> <span class='ocrx_word' id='word_1_337' title='bbox 1157 2405 1290 2454; x_wconf 88' lang='lat' dir='ltr'><strong>caussa,</strong></span> <span class='ocrx_word' id='word_1_338' title='bbox 1318 2405 1363 2444; x_wconf 88' lang='lat' dir='ltr'><strong>ad</strong></span> <span class='ocrx_word' id='word_1_339' title='bbox 1378 2416 1437 2442; x_wconf 88' lang='lat' dir='ltr'><strong>re-</strong></span> 
     </span>
     <span class='ocr_line' id='line_1_71' title="bbox 782 2460 1435 2513; baseline -0.008 -11"><span class='ocrx_word' id='word_1_340' title='bbox 782 2464 906 2513; x_wconf 80' lang='lat' dir='ltr'><strong>liquas</strong></span> <span class='ocrx_word' id='word_1_341' title='bbox 932 2463 1024 2502; x_wconf 89' lang='lat' dir='ltr'><strong>belli</strong></span> <span class='ocrx_word' id='word_1_342' title='bbox 1047 2461 1274 2507; x_wconf 76' lang='lat' dir='ltr'><strong>occasiones,</strong></span> <span class='ocrx_word' id='word_1_343' title='bbox 1295 2460 1435 2510; x_wconf 80' lang='lat' dir='ltr'><strong>quibus</strong></span> 
     </span>
     <span class='ocr_line' id='line_1_72' title="bbox 783 2515 1434 2571; baseline -0.009 -13"><span class='ocrx_word' id='word_1_344' title='bbox 783 2520 926 2559; x_wconf 88' lang='lat' dir='ltr'><strong>tamdiu</strong></span> <span class='ocrx_word' id='word_1_345' title='bbox 953 2517 1096 2571; x_wconf 88' lang='lat' dir='ltr'><strong>sopitus</strong></span> <span class='ocrx_word' id='word_1_346' title='bbox 1124 2519 1227 2571; x_wconf 76' lang='lat' dir='ltr'><strong>ignis</strong></span> <span class='ocrx_word' id='word_1_347' title='bbox 1250 2515 1434 2565; x_wconf 81' lang='lat' dir='ltr'><strong>eruperit,</strong></span> 
     </span>
     <span class='ocr_line' id='line_1_73' title="bbox 782 2571 1436 2616; baseline -0.014 0"><span class='ocrx_word' id='word_1_348' title='bbox 782 2576 1014 2616; x_wconf 88' lang='lat' dir='ltr'><strong>enarrandas</strong></span> <span class='ocrx_word' id='word_1_349' title='bbox 1036 2574 1176 2614; x_wconf 71' lang='lat' dir='ltr'><strong>transit.</strong></span> <span class='ocrx_word' id='word_1_350' title='bbox 1220 2577 1312 2611; x_wconf 82' lang='lat' dir='ltr'><strong>Nam</strong></span> <span class='ocrx_word' id='word_1_351' title='bbox 1334 2583 1369 2608; x_wconf 81' lang='lat' dir='ltr'><strong>vt</strong></span> <span class='ocrx_word' id='word_1_352' title='bbox 1390 2571 1436 2609; x_wconf 86' lang='lat' dir='ltr'><strong>il-</strong></span> 
     </span>
     <span class='ocr_line' id='line_1_74' title="bbox 782 2629 1432 2686; baseline -0.014 -14"><span class='ocrx_word' id='word_1_353' title='bbox 782 2633 837 2672; x_wconf 85' lang='lat' dir='ltr'><strong>las</strong></span> <span class='ocrx_word' id='word_1_354' title='bbox 858 2634 1009 2686; x_wconf 86' lang='lat' dir='ltr'><strong>priores</strong></span> <span class='ocrx_word' id='word_1_355' title='bbox 1026 2629 1198 2684; x_wconf 87' lang='lat' dir='ltr'><strong>pluribus</strong></span> <span class='ocrx_word' id='word_1_356' title='bbox 1209 2629 1432 2682; x_wconf 79' lang='lat' dir='ltr'><strong>explicaret,</strong></span> 
     </span>
     <span class='ocr_line' id='line_1_75' title="bbox 971 2688 1437 2727; baseline -0.013 0"><span class='ocrx_word' id='word_1_357' title='bbox 971 2689 1010 2727; x_wconf 85' lang='lat' dir='ltr'>H</span> <span class='ocrx_word' id='word_1_358' title='bbox 1356 2688 1437 2723; x_wconf 65' lang='lat' dir='ltr'><strong>nee</strong></span> 
     </span>
    </p>
   </div>
  </div>
 </body>
</html>
