<?xml version="1.0" encoding="UTF-8"?>
<!DOCTYPE html PUBLIC "-//W3C//DTD XHTML 1.0 Transitional//EN"
    "http://www.w3.org/TR/xhtml1/DTD/xhtml1-transitional.dtd">
<html xmlns="http://www.w3.org/1999/xhtml" xml:lang="en" lang="en">
 <head>
  <title>
</title>
<meta http-equiv="Content-Type" content="text/html;charset=utf-8" />
  <meta name='ocr-system' content='tesseract 3.04.00' />
  <meta name='ocr-capabilities' content='ocr_page ocr_carea ocr_par ocr_line ocrx_word'/>
</head>
<body>
  <div class='ocr_page' id='page_1' title='image "./operaomniagraece06dionuoft/operaomniagraece06dionuoft_0855.png"; bbox 0 0 1751 3154; ppageno 0'>
   <div class='ocr_carea' id='block_1_1' title="bbox 534 131 944 176">
    <p class='ocr_par' dir='ltr' id='par_1_1' title="bbox 534 131 944 176">
     <span class='ocr_line' id='line_1_1' title="bbox 534 131 944 176; baseline -0.002 -1"><span class='ocrx_word' id='word_1_1' title='bbox 534 131 944 176; x_wconf 83' lang='lat' dir='ltr'>RERVM.</span> 
     </span>
    </p>
   </div>
   <div class='ocr_carea' id='block_1_2' title="bbox 72 241 722 354">
    <p class='ocr_par' dir='ltr' id='par_1_2' title="bbox 72 241 722 354">
     <span class='ocr_line' id='line_1_2' title="bbox 72 241 721 298; baseline -0.002 -13"><span class='ocrx_word' id='word_1_2' title='bbox 72 241 264 285; x_wconf 82' lang='lat' dir='ltr'>Molofl&#39;us</span> <span class='ocrx_word' id='word_1_3' title='bbox 293 254 363 298; x_wconf 82' lang='lat' dir='ltr'>pes</span> <span class='ocrx_word' id='word_1_4' title='bbox 388 243 482 297; x_wconf 86' lang='lat' dir='ltr'>qui,</span> <span class='ocrx_word' id='word_1_5' title='bbox 520 254 562 284; x_wconf 91' lang='lat' dir='ltr'>et</span> <span class='ocrx_word' id='word_1_6' title='bbox 588 245 721 297; x_wconf 77' lang='lat' dir='ltr'>qualis.</span> 
     </span>
     <span class='ocr_line' id='line_1_3' title="bbox 580 312 722 354; baseline -0.021 -11"><span class='ocrx_word' id='word_1_7' title='bbox 580 312 669 354; x_wconf 90' lang='lat'>107.</span> <span class='ocrx_word' id='word_1_8' title='bbox 685 315 722 354; x_wconf 83' lang='lat'>4.</span> 
     </span>
    </p>
   </div>
   <div class='ocr_carea' id='block_1_3' title="bbox 833 246 1428 356">
    <p class='ocr_par' dir='ltr' id='par_1_3' title="bbox 833 246 1428 356">
     <span class='ocr_line' id='line_1_4' title="bbox 833 246 1427 300; baseline -0.002 -15"><span class='ocrx_word' id='word_1_9' title='bbox 833 255 974 286; x_wconf 86' lang='lat' dir='ltr'>merus.</span> <span class='ocrx_word' id='word_1_10' title='bbox 1023 252 1113 300; x_wconf 88' lang='lat'>139.</span> <span class='ocrx_word' id='word_1_11' title='bbox 1141 246 1206 289; x_wconf 85' lang='lat' dir='ltr'>vlt.</span> <span class='ocrx_word' id='word_1_12' title='bbox 1247 256 1337 298; x_wconf 88' lang='lat'><em>141.</em></span> <span class='ocrx_word' id='word_1_13' title='bbox 1366 255 1427 299; x_wconf 84' lang='lat'>13.</span> 
     </span>
     <span class='ocr_line' id='line_1_5' title="bbox 1261 313 1428 356; baseline -0.024 -12"><span class='ocrx_word' id='word_1_14' title='bbox 1261 313 1428 356; x_wconf 75' lang='lat'>14210.</span> 
     </span>
    </p>
   </div>
   <div class='ocr_carea' id='block_1_4' title="bbox 71 354 1432 409">
    <p class='ocr_par' dir='ltr' id='par_1_4' title="bbox 71 354 1432 409">
     <span class='ocr_line' id='line_1_6' title="bbox 71 354 1432 409; baseline -0.001 -10"><span class='ocrx_word' id='word_1_15' title='bbox 71 359 282 399; x_wconf 89' lang='lat' dir='ltr'>Monentes</span> <span class='ocrx_word' id='word_1_16' title='bbox 310 367 351 397; x_wconf 92' lang='lat' dir='ltr'>et</span> <span class='ocrx_word' id='word_1_17' title='bbox 377 355 724 409; x_wconf 84' lang='lat' dir='ltr'>reprehendentes,</span> <span class='ocrx_word' id='word_1_18' title='bbox 778 356 953 399; x_wconf 79' lang='lat' dir='ltr'>Mulieris</span> <span class='ocrx_word' id='word_1_19' title='bbox 981 354 1219 397; x_wconf 87' lang='lat' dir='ltr'>consuetudo</span> <span class='ocrx_word' id='word_1_20' title='bbox 1250 359 1292 397; x_wconf 89' lang='lat' dir='ltr'>in</span> <span class='ocrx_word' id='word_1_21' title='bbox 1324 370 1432 397; x_wconf 90' lang='lat' dir='ltr'>moe·</span> 
     </span>
    </p>
   </div>
   <div class='ocr_carea' id='block_1_5' title="bbox 128 411 724 454">
    <p class='ocr_par' dir='ltr' id='par_1_5' title="bbox 128 411 724 454">
     <span class='ocr_line' id='line_1_7' title="bbox 128 411 724 454; baseline 0 -1"><span class='ocrx_word' id='word_1_22' title='bbox 128 413 335 454; x_wconf 85' lang='lat' dir='ltr'>difficulter</span> <span class='ocrx_word' id='word_1_23' title='bbox 398 414 524 453; x_wconf 87' lang='lat' dir='ltr'>audiri</span> <span class='ocrx_word' id='word_1_24' title='bbox 588 411 724 453; x_wconf 89' lang='lat' dir='ltr'><strong>solent.</strong></span> 
     </span>
    </p>
   </div>
   <div class='ocr_carea' id='block_1_6' title="bbox 70 482 724 635">
    <p class='ocr_par' dir='ltr' id='par_1_6' title="bbox 70 482 724 635">
     <span class='ocr_line' id='line_1_8' title="bbox 70 482 724 569; baseline -0.008 0"><span class='ocrx_word' id='word_1_25' title='bbox 70 525 306 569; x_wconf 89' lang='lat' dir='ltr'>Monitionis</span> <span class='ocrx_word' id='word_1_26' title='bbox 366 523 541 565; x_wconf 89' lang='lat' dir='ltr'>decentis</span> <span class='ocrx_word' id='word_1_27' title='bbox 574 482 724 565; x_wconf 36' lang='lat'>⁵3:1²3&amp;</span> 
     </span>
     <span class='ocr_line' id='line_1_9' title="bbox 128 581 721 635; baseline -0.02 -1"><span class='ocrx_word' id='word_1_28' title='bbox 128 581 247 634; x_wconf 71' lang='lat' dir='ltr'>Flum·</span> <span class='ocrx_word' id='word_1_29' title='bbox 521 593 612 634; x_wconf 86' lang='lat'>323.</span> <span class='ocrx_word' id='word_1_30' title='bbox 628 594 721 635; x_wconf 87' lang='lat' dir='ltr'>pen.</span> 
     </span>
    </p>
   </div>
   <div class='ocr_carea' id='block_1_7' title="bbox 71 636 719 690">
    <p class='ocr_par' dir='ltr' id='par_1_7' title="bbox 71 636 719 690">
     <span class='ocr_line' id='line_1_10' title="bbox 71 636 719 690; baseline 0 -15"><span class='ocrx_word' id='word_1_31' title='bbox 71 640 336 682; x_wconf 86' lang='lat' dir='ltr'>Monumenta</span> <span class='ocrx_word' id='word_1_32' title='bbox 347 636 510 689; x_wconf 82' lang='lat' dir='ltr'>publica.</span> <span class='ocrx_word' id='word_1_33' title='bbox 526 648 642 690; x_wconf 81' lang='lat'>1055.</span> <span class='ocrx_word' id='word_1_34' title='bbox 657 649 719 690; x_wconf 87' lang='lat'>14.</span> 
     </span>
    </p>
   </div>
   <div class='ocr_carea' id='block_1_8' title="bbox 831 414 1432 522">
    <p class='ocr_par' dir='ltr' id='par_1_8' title="bbox 831 414 1432 522">
     <span class='ocr_line' id='line_1_11' title="bbox 831 414 1430 466; baseline 0.005 -14"><span class='ocrx_word' id='word_1_35' title='bbox 831 425 941 462; x_wconf 86' lang='lat' dir='ltr'>rore,</span> <span class='ocrx_word' id='word_1_36' title='bbox 981 414 1086 452; x_wconf 82' lang='lat' dir='ltr'>bona</span> <span class='ocrx_word' id='word_1_37' title='bbox 1112 415 1178 452; x_wconf 84' lang='lat' dir='ltr'>est.</span> <span class='ocrx_word' id='word_1_38' title='bbox 1222 426 1313 466; x_wconf 88' lang='lat'>324.</span> <span class='ocrx_word' id='word_1_39' title='bbox 1337 425 1430 463; x_wconf 79' lang='lat' dir='ltr'>pen.</span> 
     </span>
     <span class='ocr_line' id='line_1_12' title="bbox 832 468 1432 522; baseline 0.005 -16"><span class='ocrx_word' id='word_1_40' title='bbox 832 468 1042 512; x_wconf 84' lang='lat' dir='ltr'>Muliebris</span> <span class='ocrx_word' id='word_1_41' title='bbox 1073 468 1283 522; x_wconf 81' lang='lat' dir='ltr'>sapientiae</span> <span class='ocrx_word' id='word_1_42' title='bbox 1301 482 1432 510; x_wconf 82' lang='lat' dir='ltr'>exem-</span> 
     </span>
    </p>
   </div>
   <div class='ocr_carea' id='block_1_9' title="bbox 834 525 1431 579">
    <p class='ocr_par' dir='ltr' id='par_1_9' title="bbox 834 525 1431 579">
     <span class='ocr_line' id='line_1_13' title="bbox 834 525 1431 579; baseline 0.007 -4"><span class='ocrx_word' id='word_1_43' title='bbox 834 525 884 575; x_wconf 76' lang='lat' dir='ltr'>pl·</span> <span class='ocrx_word' id='word_1_44' title='bbox 1286 538 1378 578; x_wconf 81' lang='lat'>355·</span> <span class='ocrx_word' id='word_1_45' title='bbox 1393 538 1431 579; x_wconf 79' lang='grc' dir='ltr'>ς·</span> 
     </span>
    </p>
   </div>
   <div class='ocr_carea' id='block_1_10' title="bbox 777 579 1434 623">
    <p class='ocr_par' dir='ltr' id='par_1_10' title="bbox 777 579 1434 623">
     <span class='ocr_line' id='line_1_14' title="bbox 777 579 1434 623; baseline -0.003 0"><span class='ocrx_word' id='word_1_46' title='bbox 777 581 917 623; x_wconf 89' lang='lat' dir='ltr'>Multis</span> <span class='ocrx_word' id='word_1_47' title='bbox 963 579 1088 620; x_wconf 86' lang='lat' dir='ltr'>modis</span> <span class='ocrx_word' id='word_1_48' title='bbox 1136 581 1241 621; x_wconf 86' lang='lat' dir='ltr'>idern</span> <span class='ocrx_word' id='word_1_49' title='bbox 1286 583 1434 621; x_wconf 85' lang='lat' dir='ltr'>dicere.</span> 
     </span>
    </p>
   </div>
   <div class='ocr_carea' id='block_1_11' title="bbox 1260 649 1430 691">
    <p class='ocr_par' dir='ltr' id='par_1_11' title="bbox 1260 649 1430 691">
     <span class='ocr_line' id='line_1_15' title="bbox 1260 649 1430 691; baseline -0.018 -13"><span class='ocrx_word' id='word_1_50' title='bbox 1260 649 1430 691; x_wconf 89' lang='lat'>412.12.</span> 
     </span>
    </p>
   </div>
   <div class='ocr_carea' id='block_1_12' title="bbox 127 688 1433 745">
    <p class='ocr_par' dir='ltr' id='par_1_12' title="bbox 127 688 1433 745">
     <span class='ocr_line' id='line_1_16' title="bbox 127 688 1433 745; baseline -0.001 -12"><span class='ocrx_word' id='word_1_51' title='bbox 127 705 384 734; x_wconf 86' lang='lat' dir='ltr'>monumenta</span> <span class='ocrx_word' id='word_1_52' title='bbox 459 693 715 733; x_wconf 55' lang='lat' dir='ltr'>victoriarum.</span> <span class='ocrx_word' id='word_1_53' title='bbox 777 689 995 744; x_wconf 90' lang='lat' dir='ltr'>Munychia</span> <span class='ocrx_word' id='word_1_54' title='bbox 1011 688 1251 732; x_wconf 73' lang='lat' dir='ltr'>Cafl‘andreis</span> <span class='ocrx_word' id='word_1_55' title='bbox 1271 696 1433 745; x_wconf 79' lang='lat' dir='ltr'>eripitur</span> 
     </span>
    </p>
   </div>
   <div class='ocr_carea' id='block_1_13' title="bbox 125 748 724 854">
    <p class='ocr_par' dir='ltr' id='par_1_13' title="bbox 125 748 724 854">
     <span class='ocr_line' id='line_1_17' title="bbox 125 748 723 803; baseline -0.008 -12"><span class='ocrx_word' id='word_1_56' title='bbox 125 760 221 803; x_wconf 86' lang='lat'>274.</span> <span class='ocrx_word' id='word_1_57' title='bbox 244 757 277 798; x_wconf 78' lang='lat'>8.</span> <span class='ocrx_word' id='word_1_58' title='bbox 324 749 585 789; x_wconf 81' lang='lat' dir='ltr'>Monumenta</span> <span class='ocrx_word' id='word_1_59' title='bbox 610 748 723 787; x_wconf 87' lang='lat' dir='ltr'>histo-</span> 
     </span>
     <span class='ocr_line' id='line_1_18' title="bbox 127 803 724 854; baseline -0.003 -10"><span class='ocrx_word' id='word_1_60' title='bbox 127 807 217 854; x_wconf 87' lang='lat' dir='ltr'>rica,</span> <span class='ocrx_word' id='word_1_61' title='bbox 238 803 299 845; x_wconf 87' lang='lat' dir='ltr'>seu</span> <span class='ocrx_word' id='word_1_62' title='bbox 315 805 592 845; x_wconf 87' lang='lat' dir='ltr'>Commentarii</span> <span class='ocrx_word' id='word_1_63' title='bbox 611 803 724 843; x_wconf 88' lang='lat' dir='ltr'>histo-</span> 
     </span>
    </p>
   </div>
   <div class='ocr_carea' id='block_1_14' title="bbox 836 747 1432 857">
    <p class='ocr_par' dir='ltr' id='par_1_14' title="bbox 836 747 1432 857">
     <span class='ocr_line' id='line_1_19' title="bbox 836 747 1432 802; baseline -0.002 -15"><span class='ocrx_word' id='word_1_64' title='bbox 836 747 884 787; x_wconf 90' lang='lat' dir='ltr'>ab</span> <span class='ocrx_word' id='word_1_65' title='bbox 923 748 1129 802; x_wconf 77' lang='lat' dir='ltr'>Antigono</span> <span class='ocrx_word' id='word_1_66' title='bbox 1157 760 1195 788; x_wconf 88' lang='lat' dir='ltr'>et</span> <span class='ocrx_word' id='word_1_67' title='bbox 1216 751 1432 789; x_wconf 83' lang='lat' dir='ltr'>Demetrio.</span> 
     </span>
     <span class='ocr_line' id='line_1_20' title="bbox 1289 810 1432 857; baseline -0.035 -9"><span class='ocrx_word' id='word_1_68' title='bbox 1289 810 1382 857; x_wconf 87' lang='lat'>634.</span> <span class='ocrx_word' id='word_1_69' title='bbox 1401 817 1432 846; x_wconf 90' lang='lat' dir='ltr'>t.</span> 
     </span>
    </p>
   </div>
   <div class='ocr_carea' id='block_1_15' title="bbox 126 859 1436 913">
    <p class='ocr_par' dir='ltr' id='par_1_15' title="bbox 126 859 1436 913">
     <span class='ocr_line' id='line_1_21' title="bbox 126 859 1436 913; baseline -0.001 -13"><span class='ocrx_word' id='word_1_70' title='bbox 126 862 206 900; x_wconf 86' lang='lat' dir='ltr'>tici.</span> <span class='ocrx_word' id='word_1_71' title='bbox 417 866 724 913; x_wconf 80' lang='lat'>819.3.823.5.</span> <span class='ocrx_word' id='word_1_72' title='bbox 780 859 887 902; x_wconf 84' lang='lat' dir='ltr'>Muri</span> <span class='ocrx_word' id='word_1_73' title='bbox 927 859 1076 911; x_wconf 87' lang='lat' dir='ltr'>publici</span> <span class='ocrx_word' id='word_1_74' title='bbox 1117 860 1353 911; x_wconf 84' lang='lat' dir='ltr'>priuatorum</span> <span class='ocrx_word' id='word_1_75' title='bbox 1382 862 1436 899; x_wconf 88' lang='lat' dir='ltr'>ci-</span> 
     </span>
    </p>
   </div>
   <div class='ocr_carea' id='block_1_16' title="bbox 73 914 738 2197">
    <p class='ocr_par' dir='ltr' id='par_1_16' title="bbox 75 914 727 1137">
     <span class='ocr_line' id='line_1_22' title="bbox 75 914 724 970; baseline 0.005 -16"><span class='ocrx_word' id='word_1_76' title='bbox 75 914 229 956; x_wconf 85' lang='lat' dir='ltr'>Morata</span> <span class='ocrx_word' id='word_1_77' title='bbox 261 917 381 955; x_wconf 89' lang='lat' dir='ltr'>oratio</span> <span class='ocrx_word' id='word_1_78' title='bbox 412 928 522 966; x_wconf 89' lang='lat' dir='ltr'>quae.</span> <span class='ocrx_word' id='word_1_79' title='bbox 564 928 656 970; x_wconf 84' lang='lat'>397.</span> <span class='ocrx_word' id='word_1_80' title='bbox 686 929 724 957; x_wconf 91' lang='lat'>2.</span> 
     </span>
     <span class='ocr_line' id='line_1_23' title="bbox 127 973 727 1026; baseline -0.003 -13"><span class='ocrx_word' id='word_1_81' title='bbox 127 984 221 1026; x_wconf 84' lang='lat'>413.</span> <span class='ocrx_word' id='word_1_82' title='bbox 243 974 307 1011; x_wconf 89' lang='lat' dir='ltr'>vlt.</span> <span class='ocrx_word' id='word_1_83' title='bbox 350 983 520 1012; x_wconf 83' lang='lat' dir='ltr'>moratae</span> <span class='ocrx_word' id='word_1_84' title='bbox 541 973 727 1011; x_wconf 88' lang='lat' dir='ltr'>orationis</span> 
     </span>
     <span class='ocr_line' id='line_1_24' title="bbox 127 1027 727 1080; baseline 0 -13"><span class='ocrx_word' id='word_1_85' title='bbox 127 1027 339 1068; x_wconf 85' lang='lat' dir='ltr'>artificium.</span> <span class='ocrx_word' id='word_1_86' title='bbox 361 1039 454 1080; x_wconf 88' lang='lat'><em>320.</em></span> <span class='ocrx_word' id='word_1_87' title='bbox 474 1040 513 1079; x_wconf 88' lang='lat'>9.</span> <span class='ocrx_word' id='word_1_88' title='bbox 556 1039 727 1067; x_wconf 86' lang='lat' dir='ltr'>moratae</span> 
     </span>
     <span class='ocr_line' id='line_1_25' title="bbox 129 1082 727 1137; baseline 0.002 -14"><span class='ocrx_word' id='word_1_89' title='bbox 129 1084 313 1124; x_wconf 89' lang='lat' dir='ltr'>orationis</span> <span class='ocrx_word' id='word_1_90' title='bbox 341 1084 522 1137; x_wconf 80' lang='lat' dir='ltr'>exempla</span> <span class='ocrx_word' id='word_1_91' title='bbox 548 1084 589 1123; x_wconf 91' lang='lat' dir='ltr'>in</span> <span class='ocrx_word' id='word_1_92' title='bbox 609 1082 727 1135; x_wconf 79' lang='lat' dir='ltr'>Lyiia.</span> 
     </span>
    </p>

    <p class='ocr_par' dir='ltr' id='par_1_17' title="bbox 556 1143 729 1192">
     <span class='ocr_line' id='line_1_26' title="bbox 556 1143 729 1192; baseline -0.012 -11"><span class='ocrx_word' id='word_1_93' title='bbox 556 1143 648 1191; x_wconf 75' lang='lat'>496.</span> <span class='ocrx_word' id='word_1_94' title='bbox 668 1151 729 1192; x_wconf 89' lang='lat'>13.</span> 
     </span>
    </p>

    <p class='ocr_par' dir='ltr' id='par_1_18' title="bbox 73 1191 738 2197">
     <span class='ocr_line' id='line_1_27' title="bbox 73 1191 727 1248; baseline -0.003 -11"><span class='ocrx_word' id='word_1_95' title='bbox 73 1195 206 1237; x_wconf 86' lang='lat' dir='ltr'>Mores</span> <span class='ocrx_word' id='word_1_96' title='bbox 247 1193 365 1235; x_wconf 90' lang='lat' dir='ltr'>duum</span> <span class='ocrx_word' id='word_1_97' title='bbox 404 1207 595 1248; x_wconf 85' lang='lat' dir='ltr'>generum</span> <span class='ocrx_word' id='word_1_98' title='bbox 630 1191 727 1235; x_wconf 88' lang='lat' dir='ltr'>sunt.</span> 
     </span>
     <span class='ocr_line' id='line_1_28' title="bbox 127 1253 729 1304; baseline 0 -15"><span class='ocrx_word' id='word_1_99' title='bbox 127 1253 222 1304; x_wconf 83' lang='lat'>396.</span> <span class='ocrx_word' id='word_1_100' title='bbox 241 1263 333 1301; x_wconf 88' lang='lat' dir='ltr'>pen.</span> <span class='ocrx_word' id='word_1_101' title='bbox 354 1263 482 1290; x_wconf 90' lang='lat' dir='ltr'>mores</span> <span class='ocrx_word' id='word_1_102' title='bbox 502 1262 729 1291; x_wconf 87' lang='lat' dir='ltr'>communes</span> 
     </span>
     <span class='ocr_line' id='line_1_29' title="bbox 131 1306 730 1359; baseline 0 -14"><span class='ocrx_word' id='word_1_103' title='bbox 131 1307 211 1358; x_wconf 88' lang='lat' dir='ltr'>qui.</span> <span class='ocrx_word' id='word_1_104' title='bbox 238 1319 330 1359; x_wconf 87' lang='lat'>397.</span> <span class='ocrx_word' id='word_1_105' title='bbox 355 1318 390 1348; x_wconf 91' lang='lat'>1.</span> <span class='ocrx_word' id='word_1_106' title='bbox 439 1318 569 1346; x_wconf 86' lang='lat' dir='ltr'>mores</span> <span class='ocrx_word' id='word_1_107' title='bbox 588 1306 730 1359; x_wconf 81' lang='lat' dir='ltr'>priuati</span> 
     </span>
     <span class='ocr_line' id='line_1_30' title="bbox 129 1361 730 1415; baseline 0.007 -16"><span class='ocrx_word' id='word_1_108' title='bbox 129 1361 210 1413; x_wconf 86' lang='lat' dir='ltr'>qui.</span> <span class='ocrx_word' id='word_1_109' title='bbox 230 1374 321 1415; x_wconf 88' lang='lat'>397.</span> <span class='ocrx_word' id='word_1_110' title='bbox 334 1374 369 1415; x_wconf 87' lang='lat'>3.</span> <span class='ocrx_word' id='word_1_111' title='bbox 387 1375 514 1402; x_wconf 88' lang='lat' dir='ltr'>mores</span> <span class='ocrx_word' id='word_1_112' title='bbox 533 1363 675 1415; x_wconf 83' lang='lat' dir='ltr'>priuati</span> <span class='ocrx_word' id='word_1_113' title='bbox 691 1372 730 1403; x_wconf 91' lang='lat' dir='ltr'>et</span> 
     </span>
     <span class='ocr_line' id='line_1_31' title="bbox 133 1416 731 1469; baseline 0.003 -13"><span class='ocrx_word' id='word_1_114' title='bbox 133 1419 289 1458; x_wconf 83' lang='lat' dir='ltr'>oratorii</span> <span class='ocrx_word' id='word_1_115' title='bbox 329 1417 468 1469; x_wconf 85' lang='lat' dir='ltr'>quibus</span> <span class='ocrx_word' id='word_1_116' title='bbox 507 1416 731 1458; x_wconf 79' lang='lat' dir='ltr'>discrimini-</span> 
     </span>
     <span class='ocr_line' id='line_1_32' title="bbox 127 1472 728 1526; baseline 0.007 -14"><span class='ocrx_word' id='word_1_117' title='bbox 127 1473 198 1512; x_wconf 90' lang='lat' dir='ltr'>bus</span> <span class='ocrx_word' id='word_1_118' title='bbox 235 1472 309 1512; x_wconf 85' lang='lat' dir='ltr'>fint</span> <span class='ocrx_word' id='word_1_119' title='bbox 348 1473 523 1515; x_wconf 74' lang='lat' dir='ltr'>distinffi.</span> <span class='ocrx_word' id='word_1_120' title='bbox 569 1487 663 1526; x_wconf 85' lang='lat'>400-</span> <span class='ocrx_word' id='word_1_121' title='bbox 691 1486 728 1526; x_wconf 69' lang='grc' dir='ltr'>ς,</span> 
     </span>
     <span class='ocr_line' id='line_1_33' title="bbox 131 1530 730 1583; baseline 0.002 -15"><span class='ocrx_word' id='word_1_122' title='bbox 131 1541 259 1570; x_wconf 87' lang='lat' dir='ltr'>mores</span> <span class='ocrx_word' id='word_1_123' title='bbox 278 1531 457 1581; x_wconf 88' lang='lat' dir='ltr'>gentium</span> <span class='ocrx_word' id='word_1_124' title='bbox 471 1530 620 1570; x_wconf 88' lang='lat' dir='ltr'>diuersi.</span> <span class='ocrx_word' id='word_1_125' title='bbox 635 1543 730 1583; x_wconf 87' lang='lat'>400.</span> 
     </span>
     <span class='ocr_line' id='line_1_34' title="bbox 135 1586 732 1637; baseline 0.005 -15"><span class='ocrx_word' id='word_1_126' title='bbox 135 1596 199 1628; x_wconf 93' lang='lat'>11.</span> <span class='ocrx_word' id='word_1_127' title='bbox 217 1597 345 1624; x_wconf 83' lang='lat' dir='ltr'>mores</span> <span class='ocrx_word' id='word_1_128' title='bbox 365 1599 435 1637; x_wconf 90' lang='lat' dir='ltr'>pro</span> <span class='ocrx_word' id='word_1_129' title='bbox 458 1586 557 1625; x_wconf 91' lang='lat' dir='ltr'>coeli</span> <span class='ocrx_word' id='word_1_130' title='bbox 579 1586 732 1626; x_wconf 76' lang='lat' dir='ltr'>diuersi-</span> 
     </span>
     <span class='ocr_line' id='line_1_35' title="bbox 133 1641 731 1695; baseline 0.005 -17"><span class='ocrx_word' id='word_1_131' title='bbox 133 1650 212 1679; x_wconf 85' lang='lat' dir='ltr'>tate</span> <span class='ocrx_word' id='word_1_132' title='bbox 239 1641 343 1679; x_wconf 88' lang='lat' dir='ltr'>varie</span> <span class='ocrx_word' id='word_1_133' title='bbox 371 1643 410 1681; x_wconf 89' lang='lat' dir='ltr'>in</span> <span class='ocrx_word' id='word_1_134' title='bbox 431 1641 616 1695; x_wconf 83' lang='lat' dir='ltr'>gentibus</span> <span class='ocrx_word' id='word_1_135' title='bbox 636 1653 731 1681; x_wconf 88' lang='lat' dir='ltr'>tern-</span> 
     </span>
     <span class='ocr_line' id='line_1_36' title="bbox 131 1696 731 1751; baseline 0.003 -16"><span class='ocrx_word' id='word_1_136' title='bbox 131 1696 270 1748; x_wconf 88' lang='lat' dir='ltr'>perati.</span> <span class='ocrx_word' id='word_1_137' title='bbox 291 1708 385 1748; x_wconf 87' lang='lat'>403.</span> <span class='ocrx_word' id='word_1_138' title='bbox 403 1709 434 1738; x_wconf 92' lang='lat'>1.</span> <span class='ocrx_word' id='word_1_139' title='bbox 452 1710 580 1737; x_wconf 86' lang='lat' dir='ltr'>mores</span> <span class='ocrx_word' id='word_1_140' title='bbox 603 1698 731 1751; x_wconf 88' lang='lat' dir='ltr'>genti-</span> 
     </span>
     <span class='ocr_line' id='line_1_37' title="bbox 129 1751 731 1808; baseline 0.007 -18"><span class='ocrx_word' id='word_1_141' title='bbox 129 1751 202 1790; x_wconf 86' lang='lat' dir='ltr'>bus</span> <span class='ocrx_word' id='word_1_142' title='bbox 231 1763 269 1790; x_wconf 91' lang='lat' dir='ltr'>et</span> <span class='ocrx_word' id='word_1_143' title='bbox 295 1753 390 1791; x_wconf 86' lang='lat' dir='ltr'>locis</span> <span class='ocrx_word' id='word_1_144' title='bbox 409 1753 692 1808; x_wconf 85' lang='lat' dir='ltr'>ingenerantur</span> <span class='ocrx_word' id='word_1_145' title='bbox 709 1766 731 1794; x_wconf 85' lang='lat' dir='ltr'>a</span> 
     </span>
     <span class='ocr_line' id='line_1_38' title="bbox 131 1806 735 1861; baseline 0.005 -15"><span class='ocrx_word' id='word_1_146' title='bbox 131 1806 290 1861; x_wconf 83' lang='lat' dir='ltr'>fingulis</span> <span class='ocrx_word' id='word_1_147' title='bbox 316 1808 358 1847; x_wconf 90' lang='lat' dir='ltr'>in</span> <span class='ocrx_word' id='word_1_148' title='bbox 379 1821 540 1860; x_wconf 90' lang='lat' dir='ltr'>quoque</span> <span class='ocrx_word' id='word_1_149' title='bbox 559 1811 647 1849; x_wconf 91' lang='lat' dir='ltr'>loco</span> <span class='ocrx_word' id='word_1_150' title='bbox 666 1809 735 1848; x_wconf 92' lang='lat' dir='ltr'>ho·</span> 
     </span>
     <span class='ocr_line' id='line_1_39' title="bbox 135 1862 736 1917; baseline 0.003 -16"><span class='ocrx_word' id='word_1_151' title='bbox 135 1863 316 1903; x_wconf 87' lang='lat' dir='ltr'>minibus.</span> <span class='ocrx_word' id='word_1_152' title='bbox 338 1876 433 1916; x_wconf 84' lang='lat'>403.</span> <span class='ocrx_word' id='word_1_153' title='bbox 450 1875 489 1917; x_wconf 89' lang='lat'>7.</span> <span class='ocrx_word' id='word_1_154' title='bbox 526 1878 652 1905; x_wconf 88' lang='lat' dir='ltr'>mores</span> <span class='ocrx_word' id='word_1_155' title='bbox 672 1862 736 1904; x_wconf 85' lang='lat' dir='ltr'>sua</span> 
     </span>
     <span class='ocr_line' id='line_1_40' title="bbox 138 1918 734 1972; baseline 0.005 -16"><span class='ocrx_word' id='word_1_156' title='bbox 138 1919 291 1969; x_wconf 89' lang='lat' dir='ltr'>quique</span> <span class='ocrx_word' id='word_1_157' title='bbox 319 1918 488 1959; x_wconf 72' lang='lat' dir='ltr'>diffione</span> <span class='ocrx_word' id='word_1_158' title='bbox 514 1922 734 1972; x_wconf 86' lang='lat' dir='ltr'>exprimen-</span> 
     </span>
     <span class='ocr_line' id='line_1_41' title="bbox 137 1973 734 2028; baseline 0.005 -15"><span class='ocrx_word' id='word_1_159' title='bbox 137 1973 189 2013; x_wconf 82' lang='lat' dir='ltr'>di.</span> <span class='ocrx_word' id='word_1_160' title='bbox 210 1976 305 2028; x_wconf 87' lang='lat'>467.</span> <span class='ocrx_word' id='word_1_161' title='bbox 329 1986 393 2018; x_wconf 92' lang='lat'>12.</span> <span class='ocrx_word' id='word_1_162' title='bbox 434 1988 587 2015; x_wconf 89' lang='lat' dir='ltr'>morum</span> <span class='ocrx_word' id='word_1_163' title='bbox 607 1988 734 2016; x_wconf 84' lang='lat' dir='ltr'>exem-</span> 
     </span>
     <span class='ocr_line' id='line_1_42' title="bbox 135 2030 733 2082; baseline 0.003 -14"><span class='ocrx_word' id='word_1_164' title='bbox 135 2031 200 2082; x_wconf 89' lang='lat' dir='ltr'>pla</span> <span class='ocrx_word' id='word_1_165' title='bbox 238 2030 340 2082; x_wconf 90' lang='lat' dir='ltr'>apud</span> <span class='ocrx_word' id='word_1_166' title='bbox 372 2033 592 2072; x_wconf 86' lang='lat' dir='ltr'>Homerum</span> <span class='ocrx_word' id='word_1_167' title='bbox 621 2032 733 2071; x_wconf 86' lang='lat' dir='ltr'>varia.</span> 
     </span>
     <span class='ocr_line' id='line_1_43' title="bbox 137 2085 735 2140; baseline 0.002 -15"><span class='ocrx_word' id='word_1_168' title='bbox 137 2097 232 2140; x_wconf 85' lang='lat'>397.</span> <span class='ocrx_word' id='word_1_169' title='bbox 257 2098 317 2138; x_wconf 80' lang='lat'>14.</span> <span class='ocrx_word' id='word_1_170' title='bbox 360 2099 512 2128; x_wconf 86' lang='lat' dir='ltr'>morum</span> <span class='ocrx_word' id='word_1_171' title='bbox 535 2085 735 2140; x_wconf 77' lang='lat' dir='ltr'>expressor-</span> 
     </span>
     <span class='ocr_line' id='line_1_44' title="bbox 138 2143 738 2197; baseline 0.002 -16"><span class='ocrx_word' id='word_1_172' title='bbox 138 2143 308 2194; x_wconf 79' lang='lat' dir='ltr'>optimus</span> <span class='ocrx_word' id='word_1_173' title='bbox 329 2143 463 2196; x_wconf 80' lang='lat' dir='ltr'>Lylias.</span> <span class='ocrx_word' id='word_1_174' title='bbox 482 2148 575 2197; x_wconf 86' lang='lat'>467.</span> <span class='ocrx_word' id='word_1_175' title='bbox 595 2156 630 2197; x_wconf 90' lang='lat'>3.</span> <span class='ocrx_word' id='word_1_176' title='bbox 651 2147 738 2186; x_wconf 88' lang='lat' dir='ltr'>Mo·</span> 
     </span>
    </p>
   </div>
   <div class='ocr_carea' id='block_1_17' title="bbox 837 912 1434 1014">
    <p class='ocr_par' dir='ltr' id='par_1_19' title="bbox 837 912 1434 1014">
     <span class='ocr_line' id='line_1_45' title="bbox 837 912 1434 970; baseline 0.005 -16"><span class='ocrx_word' id='word_1_177' title='bbox 837 915 943 955; x_wconf 83' lang='lat' dir='ltr'>vium</span> <span class='ocrx_word' id='word_1_178' title='bbox 953 912 1138 955; x_wconf 85' lang='lat' dir='ltr'>sumtibus</span> <span class='ocrx_word' id='word_1_179' title='bbox 1149 915 1434 970; x_wconf 71' lang='lat' dir='ltr'>exstrucli.748.</span> 
     </span>
     <span class='ocr_line' id='line_1_46' title="bbox 1373 985 1433 1014; baseline -0.033 0"><span class='ocrx_word' id='word_1_180' title='bbox 1373 985 1433 1014; x_wconf 88' lang='lat'>11.</span> 
     </span>
    </p>
   </div>
   <div class='ocr_carea' id='block_1_18' title="bbox 784 1024 1439 1079">
    <p class='ocr_par' dir='ltr' id='par_1_20' title="bbox 784 1024 1439 1079">
     <span class='ocr_line' id='line_1_47' title="bbox 784 1024 1439 1079; baseline 0 -11"><span class='ocrx_word' id='word_1_181' title='bbox 784 1024 924 1068; x_wconf 78' lang='lat' dir='ltr'>Mufica</span> <span class='ocrx_word' id='word_1_182' title='bbox 943 1024 1181 1066; x_wconf 88' lang='lat' dir='ltr'>effoeminat.</span> <span class='ocrx_word' id='word_1_183' title='bbox 1195 1038 1286 1079; x_wconf 87' lang='lat'>230.</span> <span class='ocrx_word' id='word_1_184' title='bbox 1298 1041 1334 1070; x_wconf 88' lang='lat'>2.</span> <span class='ocrx_word' id='word_1_185' title='bbox 1354 1041 1439 1068; x_wconf 88' lang='lat' dir='ltr'>mu·</span> 
     </span>
    </p>
   </div>
   <div class='ocr_carea' id='block_1_19' title="bbox 838 1083 1441 1475">
    <p class='ocr_par' dir='ltr' id='par_1_21' title="bbox 838 1083 1441 1475">
     <span class='ocr_line' id='line_1_48' title="bbox 839 1083 1431 1137; baseline 0 -14"><span class='ocrx_word' id='word_1_186' title='bbox 839 1083 910 1123; x_wconf 84' lang='lat' dir='ltr'>fica</span> <span class='ocrx_word' id='word_1_187' title='bbox 921 1085 1105 1136; x_wconf 87' lang='lat' dir='ltr'>organica</span> <span class='ocrx_word' id='word_1_188' title='bbox 1118 1094 1157 1122; x_wconf 93' lang='lat' dir='ltr'>et</span> <span class='ocrx_word' id='word_1_189' title='bbox 1169 1085 1431 1137; x_wconf 84' lang='lat' dir='ltr'>vocalis.57.4.</span> 
     </span>
     <span class='ocr_line' id='line_1_49' title="bbox 838 1137 1437 1191; baseline 0.002 -13"><span class='ocrx_word' id='word_1_190' title='bbox 838 1143 904 1181; x_wconf 90' lang='lat'>62.</span> <span class='ocrx_word' id='word_1_191' title='bbox 927 1150 965 1191; x_wconf 88' lang='lat'>7.</span> <span class='ocrx_word' id='word_1_192' title='bbox 1014 1137 1176 1178; x_wconf 83' lang='lat' dir='ltr'>muficae</span> <span class='ocrx_word' id='word_1_193' title='bbox 1204 1151 1282 1179; x_wconf 88' lang='lat' dir='ltr'>tum</span> <span class='ocrx_word' id='word_1_194' title='bbox 1304 1141 1437 1187; x_wconf 84' lang='lat' dir='ltr'>vocali,</span> 
     </span>
     <span class='ocr_line' id='line_1_50' title="bbox 841 1196 1439 1247; baseline 0.002 -13"><span class='ocrx_word' id='word_1_195' title='bbox 841 1206 919 1234; x_wconf 89' lang='lat' dir='ltr'>tum</span> <span class='ocrx_word' id='word_1_196' title='bbox 941 1198 1165 1247; x_wconf 82' lang='lat' dir='ltr'>organicae,</span> <span class='ocrx_word' id='word_1_197' title='bbox 1203 1196 1439 1236; x_wconf 81' lang='lat' dir='ltr'>venustatem</span> 
     </span>
     <span class='ocr_line' id='line_1_51' title="bbox 841 1253 1437 1304; baseline -0.002 -13"><span class='ocrx_word' id='word_1_198' title='bbox 841 1262 883 1291; x_wconf 91' lang='lat' dir='ltr'>et</span> <span class='ocrx_word' id='word_1_199' title='bbox 909 1253 1070 1304; x_wconf 84' lang='lat' dir='ltr'>gratiam</span> <span class='ocrx_word' id='word_1_200' title='bbox 1089 1264 1188 1303; x_wconf 88' lang='lat' dir='ltr'>quae</span> <span class='ocrx_word' id='word_1_201' title='bbox 1213 1253 1437 1291; x_wconf 84' lang='lat' dir='ltr'>concilient.</span> 
     </span>
     <span class='ocr_line' id='line_1_52' title="bbox 843 1307 1441 1359; baseline -0.005 -9"><span class='ocrx_word' id='word_1_202' title='bbox 843 1319 960 1350; x_wconf 92' lang='lat'>1102.</span> <span class='ocrx_word' id='word_1_203' title='bbox 980 1317 1018 1359; x_wconf 92' lang='lat'>7.</span> <span class='ocrx_word' id='word_1_204' title='bbox 1062 1307 1222 1347; x_wconf 82' lang='lat' dir='ltr'>mufices</span> <span class='ocrx_word' id='word_1_205' title='bbox 1242 1319 1281 1347; x_wconf 89' lang='lat' dir='ltr'>et</span> <span class='ocrx_word' id='word_1_206' title='bbox 1300 1310 1441 1347; x_wconf 87' lang='lat' dir='ltr'>oratio·</span> 
     </span>
     <span class='ocr_line' id='line_1_53' title="bbox 842 1362 1441 1416; baseline 0.005 -14"><span class='ocrx_word' id='word_1_207' title='bbox 842 1363 903 1402; x_wconf 87' lang='lat' dir='ltr'>nis</span> <span class='ocrx_word' id='word_1_208' title='bbox 929 1364 1172 1404; x_wconf 82' lang='lat' dir='ltr'>concinnitas</span> <span class='ocrx_word' id='word_1_209' title='bbox 1199 1377 1274 1416; x_wconf 89' lang='lat' dir='ltr'>qua</span> <span class='ocrx_word' id='word_1_210' title='bbox 1299 1379 1340 1404; x_wconf 90' lang='lat' dir='ltr'>re</span> <span class='ocrx_word' id='word_1_211' title='bbox 1369 1362 1441 1405; x_wconf 88' lang='lat' dir='ltr'>dif-</span> 
     </span>
     <span class='ocr_line' id='line_1_54' title="bbox 842 1417 1440 1475; baseline -0.002 -17"><span class='ocrx_word' id='word_1_212' title='bbox 842 1417 953 1458; x_wconf 85' lang='lat' dir='ltr'>feran</span> <span class='ocrx_word' id='word_1_213' title='bbox 960 1428 984 1458; x_wconf 93' lang='lat' dir='ltr'>t.</span> <span class='ocrx_word' id='word_1_214' title='bbox 1294 1425 1359 1472; x_wconf 85' lang='lat'>64.</span> <span class='ocrx_word' id='word_1_215' title='bbox 1376 1434 1392 1463; x_wconf 92' lang='lat'>1</span> <span class='ocrx_word' id='word_1_216' title='bbox 1401 1433 1440 1475; x_wconf 78' lang='grc' dir='ltr'>ς.</span> 
     </span>
    </p>
   </div>
   <div class='ocr_carea' id='block_1_20' title="bbox 785 1471 1441 1531">
    <p class='ocr_par' dir='ltr' id='par_1_22' title="bbox 785 1471 1441 1531">
     <span class='ocr_line' id='line_1_55' title="bbox 785 1471 1441 1531; baseline 0.006 -18"><span class='ocrx_word' id='word_1_217' title='bbox 785 1474 953 1518; x_wconf 84' lang='lat' dir='ltr'>Muficae</span> <span class='ocrx_word' id='word_1_218' title='bbox 973 1471 1134 1525; x_wconf 86' lang='lat' dir='ltr'>phrases.</span> <span class='ocrx_word' id='word_1_219' title='bbox 1156 1488 1249 1531; x_wconf 80' lang='lat'>405.</span> <span class='ocrx_word' id='word_1_220' title='bbox 1272 1481 1309 1518; x_wconf 91' lang='lat'>6.</span> <span class='ocrx_word' id='word_1_221' title='bbox 1330 1478 1441 1517; x_wconf 78' lang='lat' dir='ltr'>muli·</span> 
     </span>
    </p>
   </div>
   <div class='ocr_carea' id='block_1_21' title="bbox 840 1533 1443 1753">
    <p class='ocr_par' dir='ltr' id='par_1_23' title="bbox 840 1533 1443 1753">
     <span class='ocr_line' id='line_1_56' title="bbox 842 1533 1442 1584; baseline 0.003 -14"><span class='ocrx_word' id='word_1_222' title='bbox 842 1543 906 1570; x_wconf 87' lang='lat' dir='ltr'>cus</span> <span class='ocrx_word' id='word_1_223' title='bbox 959 1542 1171 1571; x_wconf 85' lang='lat' dir='ltr'>concentus</span> <span class='ocrx_word' id='word_1_224' title='bbox 1228 1533 1268 1570; x_wconf 88' lang='lat' dir='ltr'>in</span> <span class='ocrx_word' id='word_1_225' title='bbox 1319 1534 1442 1584; x_wconf 90' lang='lat' dir='ltr'>polito</span> 
     </span>
     <span class='ocr_line' id='line_1_57' title="bbox 842 1585 1438 1641; baseline 0.005 -16"><span class='ocrx_word' id='word_1_226' title='bbox 842 1585 1127 1640; x_wconf 74' lang='lat' dir='ltr'>compositionis</span> <span class='ocrx_word' id='word_1_227' title='bbox 1139 1599 1298 1638; x_wconf 83' lang='lat' dir='ltr'>genere.</span> <span class='ocrx_word' id='word_1_228' title='bbox 1319 1600 1438 1641; x_wconf 82' lang='lat'>1077.</span> 
     </span>
     <span class='ocr_line' id='line_1_58' title="bbox 848 1642 1442 1686; baseline 0.007 -3"><span class='ocrx_word' id='word_1_229' title='bbox 848 1654 910 1686; x_wconf 87' lang='lat'>11.</span> <span class='ocrx_word' id='word_1_230' title='bbox 939 1642 1170 1682; x_wconf 76' lang='lat' dir='ltr'>musicorum</span> <span class='ocrx_word' id='word_1_231' title='bbox 1190 1646 1442 1686; x_wconf 87' lang='lat' dir='ltr'>certaminum</span> 
     </span>
     <span class='ocr_line' id='line_1_59' title="bbox 840 1696 1443 1753; baseline 0.01 -18"><span class='ocrx_word' id='word_1_232' title='bbox 840 1696 990 1750; x_wconf 82' lang='lat' dir='ltr'>scopus.</span> <span class='ocrx_word' id='word_1_233' title='bbox 1298 1712 1390 1753; x_wconf 86' lang='lat'>273-</span> <span class='ocrx_word' id='word_1_234' title='bbox 1403 1705 1443 1744; x_wconf 89' lang='lat'>6.</span> 
     </span>
    </p>
   </div>
   <div class='ocr_carea' id='block_1_22' title="bbox 789 1753 1447 1808">
    <p class='ocr_par' dir='ltr' id='par_1_24' title="bbox 789 1753 1447 1808">
     <span class='ocr_line' id='line_1_60' title="bbox 789 1753 1447 1808; baseline 0.005 -16"><span class='ocrx_word' id='word_1_235' title='bbox 789 1753 926 1796; x_wconf 84' lang='lat' dir='ltr'>Mufici</span> <span class='ocrx_word' id='word_1_236' title='bbox 953 1753 1000 1793; x_wconf 82' lang='lat' dir='ltr'>ad</span> <span class='ocrx_word' id='word_1_237' title='bbox 1030 1763 1243 1793; x_wconf 84' lang='lat' dir='ltr'>concentus</span> <span class='ocrx_word' id='word_1_238' title='bbox 1271 1758 1447 1808; x_wconf 84' lang='lat' dir='ltr'>explora-</span> 
     </span>
    </p>
   </div>
   <div class='ocr_carea' id='block_1_23' title="bbox 846 1810 1445 1925">
    <p class='ocr_par' dir='ltr' id='par_1_25' title="bbox 846 1810 1445 1925">
     <span class='ocr_line' id='line_1_61' title="bbox 846 1810 1445 1852; baseline 0.003 -2"><span class='ocrx_word' id='word_1_239' title='bbox 846 1811 997 1851; x_wconf 85' lang='lat' dir='ltr'>tionem</span> <span class='ocrx_word' id='word_1_240' title='bbox 1017 1810 1188 1849; x_wconf 90' lang='lat' dir='ltr'>auditum</span> <span class='ocrx_word' id='word_1_241' title='bbox 1207 1814 1378 1852; x_wconf 85' lang='lat' dir='ltr'>exerceri</span> <span class='ocrx_word' id='word_1_242' title='bbox 1399 1825 1445 1852; x_wconf 88' lang='lat' dir='ltr'>ae</span> 
     </span>
     <span class='ocr_line' id='line_1_62' title="bbox 847 1862 1445 1925; baseline 0.008 -22"><span class='ocrx_word' id='word_1_243' title='bbox 847 1862 1073 1904; x_wconf 81' lang='lat' dir='ltr'>consuefieri</span> <span class='ocrx_word' id='word_1_244' title='bbox 1093 1865 1244 1905; x_wconf 86' lang='lat' dir='ltr'>iubent.</span> <span class='ocrx_word' id='word_1_245' title='bbox 1296 1881 1389 1920; x_wconf 87' lang='lat'>474.</span> <span class='ocrx_word' id='word_1_246' title='bbox 1403 1881 1445 1925; x_wconf 81' lang='lat'>7.</span> 
     </span>
    </p>
   </div>
   <div class='ocr_carea' id='block_1_24' title="bbox 790 1921 1445 1976">
    <p class='ocr_par' dir='ltr' id='par_1_26' title="bbox 790 1921 1445 1976">
     <span class='ocr_line' id='line_1_63' title="bbox 790 1921 1445 1976; baseline 0.003 -17"><span class='ocrx_word' id='word_1_247' title='bbox 790 1925 928 1967; x_wconf 85' lang='lat' dir='ltr'>Mutae</span> <span class='ocrx_word' id='word_1_248' title='bbox 960 1921 1107 1959; x_wconf 88' lang='lat' dir='ltr'>literae.</span> <span class='ocrx_word' id='word_1_249' title='bbox 1145 1933 1213 1973; x_wconf 88' lang='lat'>72.</span> <span class='ocrx_word' id='word_1_250' title='bbox 1242 1934 1279 1975; x_wconf 91' lang='lat'>9.</span> <span class='ocrx_word' id='word_1_251' title='bbox 1316 1936 1382 1976; x_wconf 90' lang='lat'>73.</span> <span class='ocrx_word' id='word_1_252' title='bbox 1411 1935 1445 1967; x_wconf 83' lang='lat'>1.</span> 
     </span>
    </p>
   </div>
   <div class='ocr_carea' id='block_1_25' title="bbox 845 1975 1447 2144">
    <p class='ocr_par' dir='ltr' id='par_1_27' title="bbox 845 1975 1447 2144">
     <span class='ocr_line' id='line_1_64' title="bbox 846 1975 1447 2029; baseline 0.008 -15"><span class='ocrx_word' id='word_1_253' title='bbox 846 1987 940 2029; x_wconf 91' lang='lat' dir='ltr'>quot</span> <span class='ocrx_word' id='word_1_254' title='bbox 964 1975 1037 2015; x_wconf 75' lang='lat' dir='ltr'>sint</span> <span class='ocrx_word' id='word_1_255' title='bbox 1058 2003 1068 2022; x_wconf 87' lang='lat'>‚</span> <span class='ocrx_word' id='word_1_256' title='bbox 1109 1979 1306 2027; x_wconf 88' lang='lat' dir='ltr'>quomodo</span> <span class='ocrx_word' id='word_1_257' title='bbox 1336 1977 1447 2025; x_wconf 72' lang='lat' dir='ltr'>diffe-</span> 
     </span>
     <span class='ocr_line' id='line_1_65' title="bbox 845 2033 1446 2086; baseline 0.002 -12"><span class='ocrx_word' id='word_1_258' title='bbox 845 2042 944 2080; x_wconf 80' lang='lat' dir='ltr'>tant,</span> <span class='ocrx_word' id='word_1_259' title='bbox 967 2033 1166 2083; x_wconf 89' lang='lat' dir='ltr'>quomodo</span> <span class='ocrx_word' id='word_1_260' title='bbox 1188 2033 1446 2086; x_wconf 84' lang='lat' dir='ltr'>proferantur,</span> 
     </span>
     <span class='ocr_line' id='line_1_66' title="bbox 849 2088 1444 2144; baseline 0.007 -15"><span class='ocrx_word' id='word_1_261' title='bbox 849 2099 889 2133; x_wconf 83' lang='lat' dir='ltr'>et</span> <span class='ocrx_word' id='word_1_262' title='bbox 917 2088 1115 2144; x_wconf 82' lang='lat' dir='ltr'>quomodo</span> <span class='ocrx_word' id='word_1_263' title='bbox 1136 2102 1245 2132; x_wconf 89' lang='lat' dir='ltr'>aures</span> <span class='ocrx_word' id='word_1_264' title='bbox 1263 2091 1444 2133; x_wconf 85' lang='lat' dir='ltr'>afficiant.</span> 
     </span>
    </p>
   </div>
   <div class='ocr_carea' id='block_1_26' title="bbox 1301 2149 1444 2197">
    <p class='ocr_par' dir='ltr' id='par_1_28' title="bbox 1301 2149 1444 2197">
     <span class='ocr_line' id='line_1_67' title="bbox 1301 2149 1444 2197; baseline 0 -7"><span class='ocrx_word' id='word_1_265' title='bbox 1301 2154 1361 2197; x_wconf 87' lang='lat'>82.</span> <span class='ocrx_word' id='word_1_266' title='bbox 1376 2149 1444 2190; x_wconf 88' lang='lat' dir='ltr'>vlt.</span> 
     </span>
    </p>
   </div>
   <div class='ocr_carea' id='block_1_27' title="bbox 138 2199 1444 2260">
    <p class='ocr_par' dir='ltr' id='par_1_29' title="bbox 138 2199 1444 2260">
     <span class='ocr_line' id='line_1_68' title="bbox 138 2199 1444 2260; baseline 0.007 -23"><span class='ocrx_word' id='word_1_267' title='bbox 138 2210 223 2237; x_wconf 82' lang='lat' dir='ltr'>rum</span> <span class='ocrx_word' id='word_1_268' title='bbox 259 2199 490 2250; x_wconf 84' lang='lat' dir='ltr'>expolitioni</span> <span class='ocrx_word' id='word_1_269' title='bbox 527 2201 736 2253; x_wconf 87' lang='lat' dir='ltr'>plurimum</span> <span class='ocrx_word' id='word_1_270' title='bbox 793 2200 1056 2244; x_wconf 84' lang='lat' dir='ltr'>Mutationum</span> <span class='ocrx_word' id='word_1_271' title='bbox 1076 2211 1115 2240; x_wconf 92' lang='lat' dir='ltr'>et</span> <span class='ocrx_word' id='word_1_272' title='bbox 1135 2201 1266 2242; x_wconf 86' lang='lat' dir='ltr'>decori</span> <span class='ocrx_word' id='word_1_273' title='bbox 1291 2206 1357 2243; x_wconf 89' lang='lat' dir='ltr'>vis.</span> <span class='ocrx_word' id='word_1_274' title='bbox 1379 2215 1444 2260; x_wconf 82' lang='lat'>57.</span> 
     </span>
    </p>
   </div>
   <div class='ocr_carea' id='block_1_28' title="bbox 87 2251 779 2699">
    <p class='ocr_par' dir='ltr' id='par_1_30' title="bbox 87 2251 779 2699">
     <span class='ocr_line' id='line_1_69' title="bbox 142 2251 738 2309; baseline 0.01 -17"><span class='ocrx_word' id='word_1_275' title='bbox 142 2251 352 2294; x_wconf 85' lang='lat' dir='ltr'>conserunt</span> <span class='ocrx_word' id='word_1_276' title='bbox 383 2253 551 2296; x_wconf 83' lang='lat' dir='ltr'>Isocratis</span> <span class='ocrx_word' id='word_1_277' title='bbox 588 2254 738 2309; x_wconf 83' lang='lat' dir='ltr'>scripta.</span> 
     </span>
     <span class='ocr_line' id='line_1_70' title="bbox 700 2317 779 2360; baseline 0.013 0"><span class='ocrx_word' id='word_1_278' title='bbox 700 2318 736 2360; x_wconf 86' lang='lat'>8·</span> <span class='ocrx_word' id='word_1_279' title='bbox 771 2317 779 2341; x_wconf 71' lang='lat'><em>¹</em></span> 
     </span>
     <span class='ocr_line' id='line_1_71' title="bbox 87 2324 741 2415; baseline 0.012 -14"><span class='ocrx_word' id='word_1_280' title='bbox 87 2367 198 2407; x_wconf 88' lang='lat' dir='ltr'>Mors</span> <span class='ocrx_word' id='word_1_281' title='bbox 215 2375 372 2415; x_wconf 87' lang='lat' dir='ltr'>matura,</span> <span class='ocrx_word' id='word_1_282' title='bbox 390 2366 513 2408; x_wconf 85' lang='lat' dir='ltr'>diuini</span> <span class='ocrx_word' id='word_1_283' title='bbox 533 2324 673 2408; x_wconf 47' lang='lat' dir='ltr'>amiiiii}</span> <span class='ocrx_word' id='word_1_284' title='bbox 685 2369 741 2409; x_wconf 84' lang='lat' dir='ltr'>in·</span> 
     </span>
     <span class='ocr_line' id='line_1_72' title="bbox 146 2419 740 2477; baseline 0.01 -20"><span class='ocrx_word' id='word_1_285' title='bbox 146 2419 304 2461; x_wconf 87' lang='lat' dir='ltr'>dicium.</span> <span class='ocrx_word' id='word_1_286' title='bbox 588 2429 681 2477; x_wconf 80' lang='lat'>265.</span> <span class='ocrx_word' id='word_1_287' title='bbox 700 2436 740 2477; x_wconf 84' lang='grc' dir='ltr'>ς.</span> 
     </span>
     <span class='ocr_line' id='line_1_73' title="bbox 89 2472 740 2520; baseline 0.012 -8"><span class='ocrx_word' id='word_1_288' title='bbox 89 2472 268 2515; x_wconf 81' lang='lat' dir='ltr'>aduersus</span> <span class='ocrx_word' id='word_1_289' title='bbox 305 2473 579 2520; x_wconf 84' lang='lat' dir='ltr'>Moschionem</span> <span class='ocrx_word' id='word_1_290' title='bbox 618 2481 740 2519; x_wconf 79' lang='lat' dir='ltr'>oratio</span> 
     </span>
     <span class='ocr_line' id='line_1_74' title="bbox 148 2531 740 2590; baseline 0.015 -21"><span class='ocrx_word' id='word_1_291' title='bbox 148 2531 344 2572; x_wconf 85' lang='lat' dir='ltr'>Dinarchi.</span> <span class='ocrx_word' id='word_1_292' title='bbox 597 2538 688 2590; x_wconf 80' lang='lat'>655.</span> <span class='ocrx_word' id='word_1_293' title='bbox 703 2541 740 2585; x_wconf 88' lang='lat'>8.</span> 
     </span>
     <span class='ocr_line' id='line_1_75' title="bbox 89 2587 738 2630; baseline 0.005 -3"><span class='ocrx_word' id='word_1_294' title='bbox 89 2587 218 2627; x_wconf 88' lang='lat' dir='ltr'>Motus</span> <span class='ocrx_word' id='word_1_295' title='bbox 269 2587 455 2629; x_wconf 82' lang='lat' dir='ltr'>tardiores</span> <span class='ocrx_word' id='word_1_296' title='bbox 499 2599 540 2629; x_wconf 89' lang='lat' dir='ltr'>et</span> <span class='ocrx_word' id='word_1_297' title='bbox 588 2593 738 2630; x_wconf 84' lang='lat' dir='ltr'>celeres</span> 
     </span>
     <span class='ocr_line' id='line_1_76' title="bbox 141 2643 740 2699; baseline 0.01 -17"><span class='ocrx_word' id='word_1_298' title='bbox 141 2643 340 2695; x_wconf 83' lang='lat' dir='ltr'>quomodo</span> <span class='ocrx_word' id='word_1_299' title='bbox 390 2643 615 2699; x_wconf 79' lang='lat' dir='ltr'>exprefl&#39;erit</span> <span class='ocrx_word' id='word_1_300' title='bbox 659 2649 740 2690; x_wconf 80' lang='lat' dir='ltr'>Ho-</span> 
     </span>
    </p>
   </div>
   <div class='ocr_carea' id='block_1_29' title="bbox 849 2259 1448 2368">
    <p class='ocr_par' dir='ltr' id='par_1_31' title="bbox 849 2259 1448 2368">
     <span class='ocr_line' id='line_1_77' title="bbox 850 2259 1445 2320; baseline 0.007 -27"><span class='ocrx_word' id='word_1_301' title='bbox 850 2268 884 2309; x_wconf 84' lang='grc' dir='ltr'>ς.</span> <span class='ocrx_word' id='word_1_302' title='bbox 908 2259 947 2299; x_wconf 89' lang='lat'>6.</span> <span class='ocrx_word' id='word_1_303' title='bbox 973 2267 1445 2320; x_wconf 37' lang='lat' dir='ltr'>{2·.13.70·pen.71.2.</span> 
     </span>
     <span class='ocr_line' id='line_1_78' title="bbox 849 2317 1448 2368; baseline 0.003 -16"><span class='ocrx_word' id='word_1_304' title='bbox 849 2322 1014 2352; x_wconf 79' lang='lat' dir='ltr'>mutatio</span> <span class='ocrx_word' id='word_1_305' title='bbox 1043 2325 1083 2351; x_wconf 87' lang='lat' dir='ltr'>m</span> <span class='ocrx_word' id='word_1_306' title='bbox 1114 2317 1247 2365; x_wconf 90' lang='lat' dir='ltr'>quauis</span> <span class='ocrx_word' id='word_1_307' title='bbox 1274 2328 1317 2353; x_wconf 84' lang='lat' dir='ltr'>re</span> <span class='ocrx_word' id='word_1_308' title='bbox 1340 2327 1448 2368; x_wconf 77' lang='lat' dir='ltr'>grata</span> 
     </span>
    </p>
   </div>
   <div class='ocr_carea' id='block_1_30' title="bbox 848 2367 1451 2761">
    <p class='ocr_par' dir='ltr' id='par_1_32' title="bbox 848 2367 1451 2695">
     <span class='ocr_line' id='line_1_79' title="bbox 848 2367 1449 2421; baseline 0.01 -13"><span class='ocrx_word' id='word_1_309' title='bbox 848 2367 911 2408; x_wconf 88' lang='lat' dir='ltr'>est.</span> <span class='ocrx_word' id='word_1_310' title='bbox 933 2379 999 2421; x_wconf 88' lang='lat'>7¹·</span> <span class='ocrx_word' id='word_1_311' title='bbox 1022 2380 1058 2410; x_wconf 86' lang='lat'>2.</span> <span class='ocrx_word' id='word_1_312' title='bbox 1090 2371 1251 2408; x_wconf 89' lang='lat' dir='ltr'>mutatio</span> <span class='ocrx_word' id='word_1_313' title='bbox 1275 2383 1312 2409; x_wconf 91' lang='lat' dir='ltr'>et</span> <span class='ocrx_word' id='word_1_314' title='bbox 1333 2373 1449 2414; x_wconf 83' lang='lat' dir='ltr'>varia-</span> 
     </span>
     <span class='ocr_line' id='line_1_80' title="bbox 850 2424 1446 2482; baseline -0.002 -18"><span class='ocrx_word' id='word_1_315' title='bbox 850 2425 905 2464; x_wconf 89' lang='lat' dir='ltr'>tio</span> <span class='ocrx_word' id='word_1_316' title='bbox 927 2424 1136 2463; x_wconf 73' lang='lat' dir='ltr'>diffionem</span> <span class='ocrx_word' id='word_1_317' title='bbox 1151 2437 1272 2466; x_wconf 88' lang='lat' dir='ltr'>ornat.</span> <span class='ocrx_word' id='word_1_318' title='bbox 1283 2429 1446 2482; x_wconf 75' lang='lat'>94416,</span> 
     </span>
     <span class='ocr_line' id='line_1_81' title="bbox 851 2478 1450 2530; baseline -0.007 -10"><span class='ocrx_word' id='word_1_319' title='bbox 851 2480 1033 2528; x_wconf 88' lang='lat' dir='ltr'>mutatio,</span> <span class='ocrx_word' id='word_1_320' title='bbox 1065 2478 1128 2519; x_wconf 90' lang='lat' dir='ltr'>seu</span> <span class='ocrx_word' id='word_1_321' title='bbox 1151 2483 1320 2530; x_wconf 86' lang='lat' dir='ltr'>variatio,</span> <span class='ocrx_word' id='word_1_322' title='bbox 1347 2496 1450 2526; x_wconf 78' lang='lat' dir='ltr'>com.</span> 
     </span>
     <span class='ocr_line' id='line_1_82' title="bbox 850 2535 1451 2590; baseline 0.007 -15"><span class='ocrx_word' id='word_1_323' title='bbox 850 2536 1030 2590; x_wconf 81' lang='lat' dir='ltr'>positioni</span> <span class='ocrx_word' id='word_1_324' title='bbox 1051 2537 1213 2577; x_wconf 87' lang='lat' dir='ltr'>multum</span> <span class='ocrx_word' id='word_1_325' title='bbox 1234 2535 1346 2585; x_wconf 78' lang='lat' dir='ltr'>affert</span> <span class='ocrx_word' id='word_1_326' title='bbox 1366 2541 1451 2582; x_wconf 63' lang='lat' dir='ltr'>eleo</span> 
     </span>
     <span class='ocr_line' id='line_1_83' title="bbox 850 2594 1450 2646; baseline 0.015 -17"><span class='ocrx_word' id='word_1_327' title='bbox 850 2594 1018 2646; x_wconf 86' lang='lat' dir='ltr'>gantiae.</span> <span class='ocrx_word' id='word_1_328' title='bbox 1043 2599 1182 2644; x_wconf 85' lang='lat'>129.8.</span> <span class='ocrx_word' id='word_1_329' title='bbox 1210 2605 1347 2646; x_wconf 86' lang='lat'>133.1.</span> <span class='ocrx_word' id='word_1_330' title='bbox 1366 2609 1450 2638; x_wconf 86' lang='lat' dir='ltr'>mu-</span> 
     </span>
     <span class='ocr_line' id='line_1_84' title="bbox 848 2646 1449 2695; baseline 0.003 -6"><span class='ocrx_word' id='word_1_331' title='bbox 848 2648 1029 2695; x_wconf 83' lang='lat' dir='ltr'>tationis,</span> <span class='ocrx_word' id='word_1_332' title='bbox 1059 2646 1123 2691; x_wconf 85' lang='lat' dir='ltr'>seu</span> <span class='ocrx_word' id='word_1_333' title='bbox 1147 2649 1449 2693; x_wconf 75' lang='lat' dir='ltr'>transformatio-</span> 
     </span>
    </p>

    <p class='ocr_par' dir='ltr' id='par_1_33' title="bbox 901 2705 1443 2761">
     <span class='ocr_line' id='line_1_85' title="bbox 901 2705 1443 2761; baseline 0.002 -13"><span class='ocrx_word' id='word_1_334' title='bbox 901 2705 1000 2748; x_wconf 85' lang='lat' dir='ltr'>Ccc</span> <span class='ocrx_word' id='word_1_335' title='bbox 1028 2715 1065 2758; x_wconf 84' lang='grc' dir='ltr'>ς,</span> <span class='ocrx_word' id='word_1_336' title='bbox 1369 2709 1443 2761; x_wconf 87' lang='lat' dir='ltr'>nis,</span> 
     </span>
    </p>
   </div>
  </div>
 </body>
</html>
