1751 3154
795 127 1185 169 INDEX

302 240 442 282 Afflua
470 250 542 290 pro
569 235 724 290 paffiuis
747 234 920 289 vsurpata
939 252 960 278 a

358 294 537 348 Thucyd.
814 306 907 349 797.
921 306 956 334 2.

302 349 845 404 AcufilausArgiuus‚histor.8
857 358 960 403 187.

303 413 452 449 Acutos
473 407 570 446 duos
592 420 710 446 vnum
728 407 889 447 verbum
903 420 960 445 ca-

358 476 454 516 pere
470 476 550 503 non
573 462 706 516 potest.
788 466 958 517 63.pen.

301 520 462 562 Additio
483 519 756 571 compositioni
768 517 880 572 saepe
896 521 961 558 ali-

356 576 450 628 quid
470 575 635 618 confert.
676 589 741 629 42.
756 582 792 624 g.
812 589 877 630 47.
894 588 957 617 10.

300 633 504 673 Adieffiua
544 646 593 672 an
626 630 778 684 semper
806 632 959 685 postpo-

357 700 957 742 nantur.37.11

298 746 493 787 Admetus
525 743 732 786 Alcestidis
762 743 958 784 beneficio

354 801 476 841 fatum
496 802 671 840 euitauit.
785 809 863 852 238
895 814 956 855 14.

297 858 469 908 Adoptio
491 857 631 908 quibus
652 856 702 895 de
722 858 851 896 cauffis
872 856 958 897 fieri

355 913 521 954 Athenis
541 910 693 952 soleret.
775 917 870 962 618.
891 924 952 955 12.

295 969 551 1011 Aduenarum
570 969 714 1008 laudes.
804 974 898 1012 261.
916 981 952 1020 5.

294 1025 498 1068 Aduerbia
543 1038 566 1064 a
609 1025 736 1064 verbis
770 1023 951 1078 separata.

837 1089 871 1131 g.
886 1083 952 1124 vlt.

292 1136 496 1179 Adue1bia
542 1137 670 1176 verbis
712 1138 952 1190 quandoque

349 1205 657 1246 praeponuntur.
683 1199 747 1247 36.
760 1207 796 1247 3
817 1194 952 1233 aduer

348 1251 502 1289 bimum
514 1249 826 1303 sgnificanones
842 1264 935 1304 35.
900 1280 949 1292 ...

289 1305 512 1348 Aduersaiii
538 1308 620 1345 iura
647 1317 684 1345 vt
714 1306 952 1360 distinguz-in

346 1375 407 1402 tur
444 1365 485 1404 in
523 1363 758 1415 probatione
788 1361 947 1403 caussae.

779 1431 946 1473 511.15.

287 1473 527 1515 Aedificator
545 1476 615 1514 tria
633 1473 789 1528 speRat.
830 1489 895 1529 40.
906 1487 944 1528 7.

287 1529 569 1571 Aedificiorum
591 1533 686 1571 laus.
709 1540 801 1582 228.
824 1545 862 1585 9.
885 1544 947 1570 ae-

342 1586 561 1627 dificiorum
609 1586 794 1640 splendor
837 1588 943 1640 apud

340 1655 497 1683 veteres
536 1646 577 1682 in
612 1645 769 1696 publico
805 1646 943 1691 maior,

335 1712 452 1750 quam
472 1700 514 1737 in
539 1701 703 1751 priuato.
727 1704 939 1752 1016.pen.

336 1756 440 1807 apud
460 1758 700 1795 recentiores
722 1767 856 1796 contra
869 1756 941 1807 pri-

333 1823 445 1850 vatae
492 1812 608 1852 aedes
655 1811 941 1866 splendidiores

338 1867 518 1919 publicis.

281 1925 492 1977 Aegellaei
505 1954 514 1972 ‚
562 1923 863 1964 Athenienfium
882 1921 938 1963 so-

336 1981 396 2018 cii.
421 1982 564 2033 933.6.
584 1980 703 2019 iidem
715 1980 907 2034 Egestani.

278 2037 460 2088 Aegina,
504 2035 619 2087 pullis
643 2035 937 2086 habitatoribus,

335 2092 470 2133 Atticis
490 2092 642 2131 colonis
661 2092 782 2132 (latur.
803 2096 935 2146 3464.

275 2147 500 2201 Aeginetae
528 2160 616 2187 cum
634 2148 795 2202 Thyrea
823 2151 936 2200 capti.

790 2211 811 2254 8
846 2218 880 2245 2.
924 2234 934 2243 .

276 2259 467 2312 Aegyptii
497 2260 536 2296 in
573 2259 679 2310 opib.
711 2219 935 2312 comp—{rail-

333 2316 392 2354 dis
413 2316 615 2354 acutiores.
640 2328 779 2368 403.4.
803 2321 935 2369 Aegy-

329 2371 435 2423 ptius
456 2371 506 2409 de
517 2372 676 2411 Graecis
695 2372 795 2422 apud
811 2373 934 2410 Plato—

330 2439 425 2466 nem
458 2439 559 2478 quae
587 2426 699 2467 dicat.
740 2439 834 2477 400
868 2440 931 2480 14
990 2426 1203 2481 Aeschylus
1231 2427 1380 2466 austero
1407 2426 1648 2479 compositio-

326 2484 663 2536 Aegyptiacarnm
694 2494 819 2522 retum
849 2497 933 2522 nar·

327 2540 424 2580 ratio
438 2539 541 2592 apud
556 2537 813 2580 Herodotum.
835 2551 930 2592 773.

271 2651 324 2705 Q
365 2651 508 2694 Aelius
555 2651 715 2692 Tubero
736 2607 931 2705 *Diongsii

767 1880 938 1921 1019-1-
996 1868 1203 1910 Aeschinis
1244 1868 1449 1908 char-after.
1495 1879 1588 1921 434.
1616 1870 1654 1909 6.

1075 238 1234 278 amicus.
1277 244 1368 287 810.
1388 253 1425 292 3.
1469 251 1564 293 952.
1587 253 1678 294 pen.

1073 298 1119 334 ad
1150 296 1308 336 Aelium
1337 297 1595 336 Tuberonem
1627 298 1679 337 de

1073 351 1311 406 Thucydide
1348 350 1489 404 scripsit
1518 355 1680 406 Diony-

1071 407 1151 446 sius.
1530 417 1676 462 7894.

1016 466 1241 505 Aenianum
1268 463 1414 517 legatio
1437 478 1509 517 pro
1532 467 1679 516 Philip·

1072 533 1137 572 ΡΟ·
1528 533 1676 574 7429.

1015 578 1164 617 Aeolus
1184 575 1389 628 Euripidis.
1533 590 1674 630 3551.

1015 633 1257 685 Aequalibus
1303 634 1361 672 ius
1396 632 1499 673 inter
1533 632 1571 672 se
1610 634 1674 674 est.

1527 702 1670 741 911.2.

1014 743 1251 791 Aeschines,
1291 744 1450 796 qnando
1476 759 1497 784 a
1525 747 1673 785 Demo-

1070 802 1207 840 sthene
1236 798 1441 840 accusatus.
1480 813 1575 854 737.
1608 805 1669 845 16.

1070 870 1139 896 cur
1179 860 1229 895 ob
1268 856 1477 896 secundam
1513 859 1672 911 legatio-

1068 927 1161 953 nem
1188 928 1208 952 a
1234 913 1503 953 Demosthene
1518 913 1672 953 accusa·

1065 980 1136 1018 tus,
1161 984 1241 1009 non
1256 969 1304 1008 ob
1317 972 1491 1021 primam.
1504 977 1666 1021 287.10.

1064 1033 1157 1076 288.
1181 1029 1218 1067 6.
1247 1026 1448 1067 Aeschinis
1467 1025 1668 1074 accusatio,

1065 1082 1366 1122 aDemosthene
1384 1083 1670 1122 mediordifflo-

1067 1139 1128 1176 nis
1146 1138 1211 1177 filo
1234 1150 1430 1178 contexta.
1491 1143 1584 1192 996.
1604 1152 1666 1182 12.

1009 1193 1224 1236 Aeschines
1237 1195 1514 1236 Demosthenis
1533 1196 1667 1234 dictio-

1065 1264 1159 1290 nem
1186 1252 1227 1289 in
1256 1251 1426 1302 quibus,
1471 1263 1512 1290 et
1548 1265 1666 1303 quam

1060 1321 1152 1346 vele
1173 1306 1360 1357 carpse1it.
1397 1311 1513 1361 1063
1536 1320 1573 1360 9.
1612 1320 1664 1346 an

1016 1380 1019 1385 ¹
1061 1364 1318 1403 Demostheni
1346 1365 1450 1403 te&e
1478 1361 1598 1410 πικρότ
1600 1381 1639 1406 nr
1620 1380 1666 1400 τα

1058 1430 1099 1459 et
1143 1437 1217 1467 περι
1220 1426 1336 1467 εργίνα
1380 1418 1666 1470 compofitionis

1061 1477 1264 1516 obiecerit.
1290 1481 1486 1519 1122.16·
1507 1475 1666 1518 Aeschi-

1055 1545 1140 1581 nes,
1170 1532 1404 1587 Hyperides,
1433 1531 1664 1573 Demosthe·

1055 1602 1139 1637 nes,
1163 1589 1424 1641 perfecerunt,
1445 1602 1547 1640 quae
1570 1602 1591 1627 a
1608 1587 1662 1627 su-

1052 1646 1272 1696 perioribus
1322 1655 1433 1683 erant
1477 1645 1654 1684 inuenta.

1055 1705 1148 1753 629.
1172 1714 1206 1754 5.
1258 1698 1474 1739 Aeschines
1506 1701 1546 1739 in
1578 1711 1659 1738 arte

1055 1757 1214 1796 dicendi
1233 1757 1327 1795 nulli
1341 1756 1423 1807 post
1433 1755 1661 1797 Demosthe-

1052 1827 1145 1852 nem
1166 1811 1368 1852 secundus.
1455 1814 1574 1865 1063.
1594 1823 1656 1853 11.

1051 1925 1169 1963 verba
1206 1924 1256 1964 de
1287 1923 1571 1967 Demosthenis
1612 1925 1654 1963 in

1052 1981 1263 2020 verborum
1279 1980 1561 2032 compositione
1574 1993 1655 2020 ver-

1052 2034 1157 2076 sutia.
1184 2041 1300 2090 1064.
1322 2049 1359 2090 9.
1386 2039 1502 2088 1065.
1522 2050 1560 2078 2.
1598 2037 1653 2075 lo-

1051 2107 1125 2140 cus,
1156 2094 1203 2133 ad
1225 2093 1506 2132 ostendendam
1526 2102 1654 2144 aptam

1049 2151 1227 2188 colorum
1249 2150 1289 2186 in
1312 2148 1476 2199 periodo
1496 2146 1649 2186 confor-

1047 2207 1272 2245 mationem.
1303 2216 1367 2255 49.
1399 2207 1435 2246 6.
1497 2200 1652 2244 Aeschi-

1047 2273 1167 2301 neum
1201 2259 1445 2298 vo.cabulum
1484 2272 1578 2313 413.
1608 2272 1648 2312 7.

1043 2329 1114 2368 pro
1129 2312 1325 2355 Aeschine
1346 2328 1478 2355 contra
1490 2316 1650 2355 Diniam

1048 2372 1170 2410 oratio
1191 2371 1392 2412 Dinarchi.
1505 2375 1647 2433 6521.

1046 2484 1104 2523 nis
1134 2497 1285 2537 genere
1312 2481 1393 2523 vsus
1415 2485 1456 2523 in
1482 2481 1556 2523 suis
1576 2494 1647 2522 tra-

1044 2541 1207 2593 goediis.
1235 2551 1321 2592 150.
1334 2540 1396 2579 vlt.
1420 2550 1537 2592 1073.
1552 2552 1643 2591 pen.

1043 2593 1226 2649 Aeschyli
1252 2596 1464 2645 chara-fler,
1499 2605 1643 2634 etcum

1042 2651 1240 2706 Sophocle
1292 2663 1408 2704 atque
1456 2649 1644 2701 Euripide

1491 2713 1663 2758 compa··
