1751 3154
778 112 1160 155 INDEX

334 236 428 282 pres
457 226 510 267 in'
531 236 580 266 eo
602 223 813 274 schemate,
851 237 931 276 quo

334 282 442 323 aliud
470 282 734 342 proponendo
754 280 858 321 aliud
879 279 933 320 ef-

334 338 486 379 ficimus
506 370 515 387 ,
563 341 606 379 in
643 341 729 379 loco
767 337 937 390 quodam

336 395 542 447 Sympofii.
570 408 662 448 339.
686 407 746 437 10.
789 397 835 431 τέ
857 391 940 436 ι’ἆθες

334 448 560 490 obseruator
578 452 759 504 diligens.
770 461 862 503 375.
877 461 939 502 13.

336 504 490 546 suarum
523 509 707 547 virtutum
734 505 943 545 ostentator

337 573 382 602 et
408 563 604 610 laudator,
639 564 851 602 alienarum
886 573 943 600 re-

338 616 569 672 prehensor.
598 631 692 673 755.
715 631 753 672 9.
784 621 877 671 756.
901 629 942 658 2.

339 676 639 722 parmenidem,
681 679 945 727 Protagoram,

338 733 559 781 Zenonem,
591 740 631 771 et
649 741 822 770 caeteros
847 729 947 780 phy-

339 786 514 840 fiologos
527 786 797 838 reprehendit.
810 792 831 835 8
841 788 944 827 16·1.

342 841 494 896 Lysiam
550 855 619 881 cur
672 841 942 893 reprehendit.

341 906 439 951 381.
464 911 523 940 11.
544 899 595 937 de
611 895 773 936 Isocrate
793 907 831 935 vt
848 895 948 934 iudi-

345 955 453 993 carit.
477 960 569 1006 558.
591 965 628 1005 5.
645 966 684 1006 7.
731 955 948 992 Homerum

342 1007 544 1050 ambitiosa
561 1010 828 1048 aemulatione
845 1004 949 1046 esua

344 1078 431 1117 rep.
459 1066 664 1118 relegauit.
690 1066 785 1118 756.
813 1076 850 1117 9.
905 1063 950 1101 in

341 1119 593 1174 philosophia
610 1123 785 1160 maxime
802 1119 956 1159 imitan-

342 1178 428 1217 dus.
450 1190 544 1230 430.
564 1189 602 1230 7.
632 1177 741 1216 Plato
762 1187 801 1216 et
819 1172 953 1216 Isocra·

347 1243 409 1272 tes
439 1234 613 1273 medium
641 1232 802 1272 dicendi
826 1242 955 1285 genus

347 1303 373 1328 a
401 1287 688 1342 Thrasymacho
725 1288 955 1328 inchoatum

347 1347 643 1398 expoliuerunt.
666 1357 758 1399 959.
771 1358 808 1398 4.
833 1355 950 1385 1000.

350 1413 417 1443 11.
465 1403 575 1441 Plato
597 1403 753 1441 mediae
774 1398 957 1451 composi-

341 1458 469 1497 tionis
490 1458 622 1496 auctor
640 1458 817 1509 optimus.
837 1461 955 1507 1083.

349 1525 415 1556 10.
469 1527 590 1565 purae
620 1513 875 1564 robustaeque
904 1512 959 1550 di·

346 1570 488 1609 filionis
535 1583 672 1610 norma
720 1569 892 1608 statuitur
930 1581 953 1606 a

345 1626 490 1665 multis.
514 1638 629 1676 1024.
649 1639 689 1678 9.
727 1625 752 1664 fi
774 1637 856 1663 non
879 1623 954 1674 pri-

348 1693 433 1720 mas
456 1711 465 1726 ,
505 1679 638 1721 saltem
668 1679 850 1720 secundas
876 1679 956 1717 elo-

347 1737 539 1788 quentiae
561 1736 626 1775 fibi
641 1736 822 1776 vindicat.
838 1745 953 1786 1043.

351 1803 417 1835 12.
441 1793 677 1832 Socraticum
697 1791 957 1830 char-aefferem

345 1848 395 1888 in
408 1847 573 1888 Philebo
593 1846 824 1887 obseruauit.
839 1856 955 1897 1025.

350 1915 390 1958 ς.
453 1904 492 1943 in
533 1904 721 1944 Socratica
765 1903 958 1942 tenuitate

347 1959 649 2014 Thucydideam
669 1971 707 1998 et
718 1959 959 2012 Gorgianam

348 2017 615 2070 granditatem
634 2014 836 2055 affeelauit.
858 2016 954 2066 968.

352 2083 418 2115 11.
459 2074 611 2124 poetica
633 2083 672 2111 et
693 2072 766 2111 alia
786 2069 962 2110 conlimi-

349 2128 406 2168 lia
454 2128 645 2168 vocabula
690 2125 961 2180 compositioni

350 2181 442 2223 fuae
462 2181 606 2223 inserit.
634 2186 726 2234 196.
745 2195 783 2224 2.
822 2183 961 2221 incon·

350 2238 478 2278 ditam
498 2237 601 2279 suam
620 2237 906 2278 affeehtionem
918 2246 959 2276 et

351 2294 516 2334 dicendi
567 2293 837 2333 sublimitatem
875 2289 958 2344 ipse

353 2348 958 2404 agnoscit.761.vlt.968,7.De-

353 2406 549 2447 mostheni
569 2405 821 2458 postponitur.
861 2415 956 2457 752.

357 2475 421 2506 12.
450 2462 718 2503 Demosthene
738 2474 816 2512 qua
840 2472 881 2498 re
904 2460 961 2498 in-

355 2518 490 2557 ferior.
514 2526 600 2566 118.
620 2531 650 2559 1.
670 2519 764 2571 766.
777 2528 814 2556 2.
835 2516 961 2554 elocu-

359 2574 490 2613 tionis.
518 2587 634 2625 quam
655 2586 795 2619 rerum,
822 2571 961 2610 studio-

1045 238 1133 265 rum
1152 222 1433 274 compositione
1444 223 1570 277 magis
1580 234 1652 262 ex-

1046 282 1202 326 celluit,
1243 293 1357 332 quam
1386 283 1426 320 in
1447 281 1653 318 electione.

1053 349 1146 389 117.
1162 348 1222 388 13.
1242 335 1415 389 dialogos
1434 334 1516 375 suos
1535 333 1656 386 vsque

1024 424 1027 426 -
1051 394 1100 433 ad
1128 405 1275 431 annum
1294 394 1427 432 aetatis
1446 405 1563 432 Lxxx.
1585 403 1658 443 pe-

1051 450 1157 490 &ere
1176 459 1213 488 et
1234 447 1487 488 calamistrare
1498 461 1581 487 non
1592 445 1658 486 de-

1054 507 1125 545 fiit.
1172 512 1263 554 208.
1299 515 1361 546 11.
1424 504 1660 543 concionem

1053 559 1196 612 scripsit
1213 560 1381 607 nullam3
1401 559 1471 599 nisi
1483 561 1567 612 quis
1579 559 1660 609 epi·

1057 617 1168 657 stolas
1216 617 1426 656 conciones
1461 616 1659 668 appellare

1057 674 1163 713 velit.
1197 684 1315 725 1027.
1350 684 1385 714 1.
1437 672 1662 711 iudicialem

1057 739 1277 769 orationem
1330 740 1445 768 vnam
1491 739 1663 767 tantum·

1058 785 1178 825 modo
1201 782 1353 837 scripsit,
1373 783 1664 827 Defenfionem

1059 842 1241 883 Socratis
1276 844 1392 883 1026.
1419 852 1479 881 12.
1531 850 1664 880 vetere

1060 899 1196 951 lingua
1227 898 1354 938 Attica
1380 894 1473 936 vsus.
1510 909 1605 950 454.
1622 907 1661 948 9.

1059 955 1168 992 Plato
1201 966 1222 991 a
1240 954 1371 992 multis
1389 949 1662 1004 reprehensus.

1061 1019 1157 1062 757.
1187 1011 1225 1051 6.
1250 1009 1297 1048 ab
1318 1009 1538 1056 Aristotele,
1557 1005 1668 1048 disci-

1062 1066 1157 1117 pulo
1177 1062 1253 1110 suo,
1275 1062 1543 1116 reprehensus.
1573 1070 1666 1116 815.

1070 1133 1132 1174 15.
1148 1132 1235 1171 >qua
1252 1121 1293 1159 in
1316 1133 1358 1159 re
1372 1120 1559 1173 Dionylio
1581 1131 1666 1159 non

1067 1176 1267 1230 probetur.
1289 1179 1382 1229 764.
1397 1185 1432 1226 g.
1455 1176 1518 1216 vbi
1542 1175 1668 1216 delin-

1066 1245 1186 1285 quere
1204 1230 1334 1271 soleat.
1351 1238 1445 1284 761.
1465 1236 1502 1275 6.
1543 1231 1670 1270 delin-

1065 1287 1216 1341 quendi
1241 1285 1380 1327 caussas
1408 1301 1501 1340 quas
1519 1284 1669 1326 habuis—

1068 1343 1109 1385 se
1130 1344 1316 1384 videatur.
1336 1348 1429 1397 762.
1448 1356 1485 1398 3.
1513 1342 1671 1395 quando

1070 1411 1260 1444 mortuus.
1525 1405 1619 1453 728.
1630 1410 1670 1451 4.

1012 1458 1184 1498 Platonis
1196 1455 1364 1509 compost
1370 1458 1423 1496 tio
1434 1457 1570 1508 qualis.
1579 1467 1596 1498 1
1606 1462 1670 1508 87.

1067 1527 1158 1567 pen.
1178 1513 1376 1553 Platonica
1393 1513 1564 1552 elocutio
1583 1525 1673 1563 qua-

1065 1571 1123 1610 lis.
1143 1573 1238 1621 267.
1251 1583 1287 1623 4.
1307 1575 1449 1623 758.4.
1478 1569 1530 1608 de
1548 1568 1672 1608 Plato-

1068 1627 1130 1665 nis
1162 1626 1332 1664 diedone
1358 1626 1553 1676 iudicium
1575 1623 1672 1665 Dio-

1067 1680 1179 1733 nylii.
1225 1684 1319 1734 964.
1349 1694 1440 1732 pen.
1485 1691 1605 1730 1024.
1631 1689 1672 1730 4.

1069 1736 1240 1776 Platonis
1278 1736 1397 1775 dictio
1437 1749 1486 1775 an
1520 1735 1672 1774 diuina.

1073 1803 1190 1844 1024.
1231 1804 1293 1833 12.
1352 1792 1525 1832 Platonis
1553 1789 1671 1829 diffie

1070 1847 1240 1901 pulchris
1277 1856 1321 1886 et·
1348 1845 1525 1887 suauibus
1551 1856 1673 1886 muta-

1069 1903 1242 1944 tionibus
1279 1904 1432 1943 variata.
1485 1915 1576 1956 133.
1608 1913 1671 1955 15.

1068 1960 1241 2002 Platonis
1256 1957 1372 1999 difflo
1383 1960 1538 1999 caelatis
1551 1968 1590 1998 et
1602 1967 1675 1998 tot-

1072 2017 1174 2056 natis
1193 2015 1376 2066 operibus
1393 2015 1532 2055 fimilis.
1555 2025 1673 2057 1112·

1076 2084 1140 2115 12.
1186 2072 1359 2111 Platonis
1379 2072 1516 2120 dictio,
1542 2069 1675 2109 similis

1070 2129 1159 2168 loco
1178 2127 1329 2174 florido,
1347 2139 1387 2166 et
1409 2124 1674 2178 voluptatibus

1071 2183 1122 2225 ad
1150 2195 1302 2234 tempus
1331 2181 1597 2234 percipiendis
1616 2193 1676 2219 ac·

1074 2239 1333 2278 commodato.
1363 2241 1478 2292 1056.
1497 2249 1559 2290 14.
1594 2237 1674 2276 Pla-

1072 2295 1176 2334 tonis
1202 2294 1320 2333 diffio
1349 2295 1389 2333 in
1417 2294 1583 2347 dialogis
1610 2305 1676 2333 ex-

1069 2351 1238 2398 cellens,
1276 2351 1316 2389 in
1346 2350 1523 2390 ciuilibus
1546 2348 1677 2389 tratta-

1070 2405 1244 2445 tionibus
1266 2406 1508 2460 elegantiam
1526 2405 1675 2444 amittit.

1078 2473 1197 2515 1025.
1218 2474 1254 2514 3.
1304 2463 1474 2502 Platonis
1497 2460 1675 2508 tabellae,

1076 2517 1309 2572 diligentiae
1363 2519 1466 2559 illius
1511 2517 1675 2557 indices.

1525 2584 1619 2624 209.
1634 2583 1673 2612 2.

357 2627 435 2670 fior
452 2628 538 2672 fuit.
562 2642 683 2685 1032.
705 2634 740 2679 8.
760 2629 804 2669 in
825 2626 961 2680 verbo·⁴
1017 2630 1191 2681 Platonis
1205 2630 1413 2686 ⁴Phaedrus
1430 2629 1536 2672 vnde
1555 2627 1602 2666 {ic
1620 2627 1676 2666 in-

1499 2681 1674 2737 scriptus,
