1751 3154
544 132 954 174 RERVM.

120 249 249 282 orator
299 253 384 282 non
437 239 716 293 aspernandus.

119 305 216 351 481.
237 309 274 351 5.
319 296 537 349 Iphicrates,
564 299 718 339 reddito

117 355 302 402 exercitu,
319 355 488 406 priuatus
510 353 559 395 fit.
582 366 718 409 4797.

112 408 317 462 Iphicratis
342 412 549 453 orationes.
568 418 715 465 481.4.

113 465 317 518 {phieratis
354 467 468 505 verba
496 479 545 506 ex
573 480 626 505 or.
657 466 720 506 ad·

119 518 249 562 versus
268 522 528 561 Harmodium.
548 534 641 574 739.
657 534 718 575 13.

117 575 171 616 de
198 577 401 628 Iphicratis
438 579 611 632 imagine
636 576 720 618 scri·

112 643 180 686 pta
219 634 344 672 oratio
365 663 374 681 ,
423 647 473 672 an
508 633 639 688 Lyfiae
662 633 717 673 fit.

114 693 211 742 478.
234 700 269 729 2.
305 689 506 740 iphicratis
526 688 714 737 defenfio,

116 757 167 784 an
188 758 210 783 a
229 743 331 797 Lysia
356 744 499 796 scripta.
518 758 598 798 479
624 757 713 793 pen.

59 799 130 841 Iris
151 802 358 840 Homerica
378 802 563 841 decenter
584 801 714 840 dicere

114 856 258 895 docuit.
543 868 711 910 323.11.

61 907 191 953 Isaeus
222 910 327 951 vnde
357 922 480 960 ortus,
516 925 594 963 quo
618 924 714 951 tem·

115 981 214 1021 pore
242 968 437 1014 floruerit,
479 979 516 1007 et
547 981 619 1019 qua
640 966 714 1007 for-

113 1033 207 1064 tuna
230 1022 309 1063 vsus
326 1023 380 1063 fit.
402 1027 491 1076 536,
521 1036 553 1065 1.
574 1022 711 1072 Isaeus,

113 1079 246 1133 Lyfiae
264 1079 444 1119 imitator.
465 1083 557 1129 628.
575 1092 633 1120 10.
653 1091 712 1122 11.

109 1135 155 1176 iu
178 1133 483 1185 dispofitionibus
505 1149 630 1175 rerum
649 1148 714 1175 ex·

112 1191 233 1231 afflor
245 1203 282 1230 et
294 1193 439 1231 acutior
450 1192 562 1244 Lyiia.
579 1195 629 1234 61
641 1202 713 1243 1.7.

112 1258 184 1286 cur
207 1260 298 1294 non,
319 1259 357 1286 vt
371 1246 498 1300 Lysias
517 1244 714 1297 atqueIso·

114 1314 252 1351 crates,
288 1303 514 1354 exemplaris
535 1315 579 1341 ac
596 1315 712 1356 regu-

116 1357 180 1397 lae
204 1359 292 1397 loco
320 1371 560 1410 proponatur
576 1372 598 1397 a
616 1360 713 1400 Dio-

113 1412 234 1466 nysio.
254 1419 347 1464 623.
371 1427 428 1456 10.
462 1411 555 1454 Isaei
574 1425 614 1454 et
632 1416 712 1454 De·

115 1470 328 1509 mosthenis
360 1472 550 1510 orationes
580 1470 714 1510 falsita-

115 1525 163 1566 tis
199 1537 240 1565 et
275 1525 482 1566 iniustitiae
512 1522 712 1578 suspeRae.

113 1591 208 1633 592.
225 1584 263 1625 6.
284 1579 375 1622 lsaei
395 1582 588 1622 character
612 1596 633 1622 a
646 1586 714 1636 Ly-

112 1636 218 1677 fiano
236 1635 410 1690 dignosci
432 1649 471 1676 vt
484 1648 609 1689 queat,
631 1648 714 1678 tum

114 1693 160 1732 in
199 1693 325 1733 verbis
344 1721 354 1740 ,
401 1704 483 1732 tum
519 1695 560 1732 in
586 1693 714 1734 rebus.

114 1753 208 1802 589.
237 1760 274 1800 3.
323 1746 470 1792 lsaeani
498 1760 537 1788 et
564 1748 713 1804 Lyfiani

111 1802 336 1844 charaEleris
354 1804 574 1854 similitudo,
594 1801 712 1846 etdis·

114 1861 305 1900 cernendi
324 1861 432 1899 ratio.
444 1856 601 1913 5891'4.
617 1873 709 1914 590.

112 1924 153 1969 7.
189 1918 279 1969 624.
308 1926 367 1957 10.
417 1914 712 1955 lsaeanisschara-

115 1971 226 2011 &eris
245 1971 435 2022 exempla.
513 1983 603 2024 592.
619 1984 710 2023 pen.

57 2022 276 2071 ischander,
284 2027 532 2079 Neoptolemi
543 2028 711 2082 f.290.4.

56 2079 239 2137 Isocrates
255 2084 411 2134 quando
432 2095 471 2123 et
489 2083 625 2135 quibus
648 2097 711 2132 pa-

113 2139 285 2180 rentibus
324 2150 433 2178 natus
451 2167 460 2184 ,
514 2139 710 2191 quomodo

113 2194 324 2242 educatus;
356 2195 496 2246 quibus
516 2197 609 2234 item
634 2209 712 2235 ma·

115 2249 260 2302 gistri8‚
297 2261 337 2291 et
367 2264 443 2302 qua
469 2250 627 2290 fortuna
660 2247 712 2289 vs-

117 2316 196 2356 que
241 2304 290 2344 ad
325 2308 426 2346 vitae
459 2305 577 2346 finem
614 2305 709 2346 vsus.

116 2370 212 2412 534.
240 2364 278 2403 6.
323 2359 500 2402 isocrates
522 2362 629 2417 Lyfia
649 2376 712 2414 po-

113 2413 251 2455 sterior
277 2426 465 2468 tempore.
495 2433 586 2472 534.
618 2432 653 2472 3.
671 2432 709 2471 9.

111 2470 155 2511 in
184 2483 310 2511 rerum
339 2474 558 2514 traiiatione
589 2477 710 2525 qualis

111 2524 240 2566 suerit.
272 2541 362 2581 542.
397 2540 456 2569 11.
512 2530 710 2574 iudiciales

114 2585 311 2622 orationes
330 2598 379 2623 an
401 2581 596 2635 scripserit.
618 2590 710 2639 576.

116 2638 180 2692 1'4.
233 2639 280 2678 ad
308 2639 454 2693 Lysiam
483 2653 596 2692 quam
623 2655 709 2696 pto·

150 2707 385 2738 monium.
398 2709 495 2740 vot..
511 2699 576 2740 VI.

828 243 934 283 xime
950 243 1107 286 acceffit.
1123 247 1216 298 460.
1237 257 1328 298 pen.
1352 249 1426 305 Ly·

825 299 876 338 sia
901 300 1042 350 quibus
1059 304 1099 341 in
1121 301 1236 341 rebus
1255 301 1424 354 superior

827 366 870 395 et
896 357 939 394 in
966 357 1104 405 quibus
1123 356 1293 397 inferior.
1330 372 1422 413 541.

826 423 867 465 4.
889 422 952 452 11.
980 423 1038 456 12.
1061 411 1239 454 isocrates
1254 426 1296 454 et
1314 417 1422 457 Plato

827 466 1000 506 medium
1043 469 1198 508 dicendi
1238 483 1361 523 genus
1398 485 1422 512 a

827 519 1112 575 Thrasymacho
1125 524 1273 564 inchoa·
1283 540 1344 565 um
1358 540 1422 567 ex·

823 578 1062 631 poliuerunt.
1082 590 1214 633 9594.
1237 594 1341 624 1000
1362 594 1421 624 11.

827 630 1020 682 Isocrates2
1041 638 1163 687 polito
1188 638 1422 689 compoiitio-

824 690 884 729 nis
903 703 1054 743 genere
1073 688 1163 731 vsus.
1193 704 1355 746 1079.4.
1377 695 1421 734 in

825 749 979 798 poetica
1016 747 1241 786 elocutionis
1268 750 1422 788 concin-

823 803 972 850 nitate,
1007 800 1238 842 sublimitate
1265 807 1357 843 item
1377 817 1421 843 ac

822 870 986 910 pompa,
1023 871 1159 898 omnes
1180 870 1349 898 oratores
1370 857 1423 899 su·

823 915 984 964 perauit.
1004 918 1096 968 625.
1116 927 1176 956 ιο.
1196 926 1255 955 11.
1283 914 1423 968 figura.

821 982 904 1008 rum
934 981 1068 1009 ornatu
1091 970 1220 1022 nimio*
1237 967 1347 1022 saepe
1365 985 1422 1011 re·

818 1024 964 1076 liquam
994 1026 1180 1064 orationis
1202 1024 1421 1067 strueruram

823 1081 944 1119 laedit
962 1110 972 1130 ,
1023 1087 1064 1120 e't
1099 1093 1209 1121 aures
1247 1080 1420 1121 offendit.

828 1148 915 1189 539.
940 1143 974 1185 8.
1020 1137 1260 1189 Panegyrico
1280 1138 1422 1179 decem

823 1205 948 1231 annos
985 1193 1189 1248 impendit.
1234 1201 1327 1242 208.
1360 1206 1419 1236 10.

824 1244 892 1287 sub
911 1246 1031 1287 finem
1055 1250 1156 1286 vit-ae
1172 1263 1193 1287 a
1208 1249 1420 1289 iuuenilifi-

825 1316 1008 1357 gui-arum
1038 1296 1285 1344 affectatione
1308 1305 1420 1345 desti-

821 1361 879 1398 tit.
899 1363 990 1413 564.
1011 1371 1071 1400 10.
1093 1372 1160 1399 cur
1179 1371 1257 1399 eta
1277 1361 1418 1412 quibus

820 1411 1091 1467 reprehensus.
1114 1421 1246 1469 5589·
1260 1429 1419 1470 55911.

819 1470 1003 1511 Isocrates
1020 1470 1070 1511 de
1081 1472 1364 1511 deliberatione
1377 1483 1420 1513 et

823 1526 991 1566 iudiciali
1037 1528 1224 1566 orationis
1264 1541 1418 1582 genere

785 1589 797 1595 “
825 1595 928 1634 quae
939 1587 1191 1635 praeceperit*
1214 1596 1354 1635 4101.
1375 1585 1418 1625 in

823 1639 1067 1693 Panegyrico
1086 1668 1093 1683 ‚
1136 1637 1332 1691 Philippo,
1377 1650 1420 1680 et

819 1694 1022 1741 Antidofi‚
1059 1694 1299 1734 laudationes
1328 1708 1420 1735 con-

820 1746 1089 1789 sultationibus
1119 1763 1191 1790 ceu
1222 1764 1418 1804 parergon

823 1804 1070 1845 intermiscet.
1092 1818 1184 1860 357.
1195 1820 1233 1860 4.
1251 1807 1418 1847 orationi

819 1859 909 1901 suae
941 1862 993 1901 de
1022 1865 1118 1902 Pace
1145 1864 1307 1902 multum
1336 1859 1417 1915 ipse

823 1916 968 1956 tribuit.
992 1929 1104 1959 1001.
1120 1920 1156 1961 6.
1177 1918 1418 1959 inPana'rhe·

819 1978 933 2013 nai'co
981 1972 1031 2012 de
1066 1970 1103 2012 se
1138 1986 1238 2024 quae
1270 1971 1414 2014 scribat.

820 2041 909 2083 535,
935 2028 996 2068 vlt.
1016 2026 1188 2068 Isocratis
1207 2043 1294 2068 cum
1309 2030 1416 2082 Lyfia

822 2085 1077 2136 comparatio,
1115 2086 1157 2124 in
1186 2085 1299 2125 rebus
1318 2098 1355 2125 et
1373 2088 1415 2126 in

822 2140 962 2180 verbis.
991 2144 1081 2194 556.
1105 2154 1138 2183 1.
1182 2140 1353 2180 Isocratis
1371 2142 1416 2182 in

817 2196 985 2236 dicendo
1006 2198 1060 2237 vis
1079 2198 1269 2248 exemplis
1291 2197 1417 2237 osten·

820 2252 931 2291 ditur.
964 2256 1052 2304 565.
1075 2265 1108 2295 1.
1164 2252 1334 2292 Isocratis
1360 2253 1416 2292 di-

821 2309 896 2347 &io
919 2309 1050 2358 qualis,
1084 2320 1170 2362 173-
1192 2323 1228 2361 9·
1264 2314 1355 2363 556-
1375 2313 1414 2352 6.

823 2364 1036 2407 lsocramae
1073 2365 1252 2404 diffionis
1289 2364 1416 2403 chara-

821 2421 910 2461 ξὶετ.
932 2432 1021 2473 537.
1038 2433 1096 2461 ιο.
1119 2424 1210 2472 962.
1226 2422 1261 2459 6.
1283 2418 1417 2458 lsocra-

823 2478 870 2515 tis
890 2476 1112 2527 compoiitio
1131 2477 1283 2514 caelatis
1293 2487 1331 2514 et
1344 2487 1416 2514 tor·

818 2532 915 2572 natis
934 2533 1117 2583 operibus
1136 2530 1272 2570 fimilis.
1295 2543 1311 2572 1
1324 2543 1338 2572 1
1351 2543 1413 2573 12.

822 2600 884 2631 12.
916 2586 1093 2627 lsocrarea
1116 2587 1231 2625 dic-iio
1252 2589 1416 2627 Doricae

821 2656 859 2684 et
873 2644 1016 2694 Lydiae
1035 2643 1259 2684 harmoniae
1276 2642 1414 2682 similis.

874 2701 972 2743 Ccc
1294 2709 1414 2742 1021.
