1751 3154
609 136 1022 201 tERvnt.

180 250 276 291 bai-e
295 250 399 290 licet.
419 258 535 301 1349.
548 259 608 291 ιο.
624 258 783 301 1353.3.

179 307 358 347 Tribuno
400 304 650 345 intercedere
685 316 786 342 non-

174 362 246 403 nifi
283 363 462 401 tribunus
491 360 623 413 potest.
652 371 774 413 2073.

171 430 325 473 9—11.
371 418 543 458 Tribuni
577 430 649 469 per
667 417 782 470 leges

173 474 422 515 intercedere
465 471 622 526 poffunt
661 483 783 511 caete-

172 545 305 570 rorum
345 532 632 584 magistratuum
665 528 778 575 iuffis,

173 591 296 641 2164.
321 600 381 640 14.
432 584 647 625 consulibus
673 581 767 622 obfi-

168 645 269 683 stere
287 642 454 696 poffunt.
474 648 592 695 2289.
616 652 677 683 11.
712 651 776 678 ex-

171 711 228 739 tra
268 700 402 739 vrbem
422 699 523 738 nihil
542 697 687 736 habent
707 709 774 747 po-

170 755 326 796 testatis.
357 768 473 809 1725.
493 767 530 808 7.
554 766 614 803 14.
663 763 774 791 extra

170 811 308 851 vrbem
336 812 560 864 pernofiiare
587 821 669 848 non
691 805 774 860 pos-

170 866 270 917 sunt,
284 870 352 908 nili
365 868 468 907 feriis
478 866 635 906 Latinis.
651 877 726 917 172
735 875 769 916 ς.

174 935 237 966 10.
303 924 468 965 Tribuni
497 923 622 974 plebis
651 921 770 960 comi-

168 982 266 1020 tium
286 978 368 1031 (seu
391 980 591 1018 concionis
612 979 766 1028 locum)

165 1037 236 1076 fibi
258 1036 466 1078 vindicant.
498 1041 664 1088 1348.5.
699 1047 769 1086 po-

165 1092 288 1132 testati
315 1091 403 1131 suae
433 1092 635 1131 vindicant
658 1090 768 1142 quid·

163 1148 258 1201 quid
280 1163 302 1188 a
321 1148 441 1200 plebe
461 1148 619 1187 iudicari
638 1157 679 1186 et
700 1145 767 1185 de-

161 1206 270 1244 cerni
295 1202 422 1245 soleat.
455 1211 571 1257 1348.
590 1215 629 1257 7.
677 1215 767 1243 cum

160 1259 298 1300 senatu
338 1260 586 1313 expostulant
623 1259 673 1299 de
701 1272 767 1299 an-

158 1330 292 1358 nonae
319 1320 475 1356 caritate
496 1329 532 1356 et
552 1316 700 1355 colonis
721 1316 764 1354 in

160 1371 340 1412 morbosa
360 1374 442 1412 loca
455 1372 581 1412 rniffis.
600 1384 763 1425 1345.4.

158 1442 250 1468 cum
274 1428 494 1469 consulibus
513 1429 760 1467 altercantur.

163 1497 284 1539 1353.
311 1497 369 1540 15.
415 1486 458 1524 in
486 1483 663 1525 senatum
694 1497 763 1523 vo-

160 1553 307 1581 cantur.
339 1545 455 1595 1369.
480 1553 541 1594 11.
597 1543 639 1580 in
661 1545 764 1584 Mar·

158 1599 266 1637 cium
303 1600 477 1650 grauiter
503 1597 762 1636 inuehuntur.

164 1657 283 1708 1369.
331 1666 392 1695 12.
457 1655 500 1693 in
537 1653 764 1705 arripiendo

157 1710 312 1750 Marcio
351 1710 620 1761 reprimuntur
648 1724 669 1748 a
699 1722 764 1760 pa-

160 1767 293 1806 triciis,
326 1777 527 1819 1371.10.
583 1766 763 1817 patricios

158 1824 329 1875 grauiter
355 1822 459 1874 apud
489 1822 678 1874 populum
706 1833 766 1860 ac-

160 1875 301 1917 cusant.
327 1889 442 1930 1372.
465 1889 526 1919 11.
564 1892 586 1917 a
604 1875 763 1916 consule

161 1933 270 1986 apud
315 1935 507 1985 populum
551 1932 763 1985 reprehen-

161 1990 317 2029 duntur.
347 2001 464 2043 1379.
490 2002 552 2032 11.
573 2003 594 2027 a
614 1987 762 2027 senato·

155 2046 230 2086 rib.
250 2045 453 2098 postulant,
486 2056 524 2084 vt
543 2046 657 2084 iurati
678 2044 764 2083 sen·

161 2104 302 2142 tentias
327 2104 468 2141 dicant.
491 2113 608 2154 1397.
637 2112 695 2152 13.
718 2102 761 2138 in

158 2157 336 2198 senatum
348 2158 492 2198 admiffi
505 2159 653 2210 magno
666 2157 762 2208 reip.

158 2215 277 2256 malo.
294 2225 410 2265 1421.
424 2227 459 2268 3.
478 2213 678 2253 adstruunt
697 2212 764 2250 libi

159 2269 390 2321 potestatem
424 2267 627 2309 accusandi
656 2265 765 2320 quos-

158 2326 216 2364 vis
248 2327 440 2377 patriciOS.
475 2329 592 2379 1446.
616 2338 652 2377 4.
703 2325 768 2363 tri·

161 2380 254 2420 buta
276 2383 430 2420 comitia
450 2396 520 2433 pro
541 2381 765 2420 centuriatis

162 2439 204 2477 in
235 2435 355 2475 cauffa
375 2439 521 2477 Marcii.
557 2446 674 2489 1448-
702 2448 762 2487 14.

161 2504 331 2547 1453.2.
359 2494 400 2531 in
422 2494 558 2544 populi
580 2492 763 2531 iudicium

163 2551 283 2587 citat-e
302 2549 494 2599 incipiunt
515 2547 764 2599 quoscunque

161 2609 279 2643 ciues.
309 2611 425 2657 1467.
449 2617 486 2656 5.
515 2617 602 2642 cum
630 2602 763 2643 senatu

162 2659 202 2701 se
222 2659 347 2704 Cassio
378 2662 421 2700 in
450 2674 493 2700 re
517 2661 668 2714 agraria
698 2672 766 2712 op-

893 257 1062 300 ponunt.
1086 250 1203 296 1680.
1225 259 1266 301 4.
1311 245 1499 299 proditio-

892 305 955 344 nis
982 304 1252 344 insimulantur
1277 317 1299 342 a
1317 305 1497 355 pauperi-

895 359 978 399 bus.
1004 372 1196 412 1723.12.
1217 360 1412 399 delenum
1434 373 1498 399 ex-

894 417 1036 455 ercitus
1060 417 1324 467 impedientes
1345 427 1383 454 vt
1401 415 1496 455 eluli

893 487 916 513 a
942 470 1060 511 conff.
1093 484 1209 524 1724.
1239 486 1276 524 3.
1337 472 1495 511 comiiia

891 542 964 581 pro
982 526 1044 567 sua
1057 528 1490 580 potestateimpediunt.

895 596 1014 638 1732.
1041 597 1100 637 15.
1128 585 1290 635 plebem
1310 586 1351 622 in
1371 596 1494 622 anno-

888 654 965 680 nae
999 642 1157 679 caritate
1193 637 1396 679 aduersum
1427 654 1493 691 pa·

887 698 1016 736 tricios
1045 697 1249 736 concitant.
1282 702 1399 744 1811.
1424 706 1489 736 11.

884 752 1103 793 consulares
1133 751 1184 790 ob
1213 763 1296 791 rem
1325 752 1367 790 in
1396 763 1492 789 con·

883 807 1008 849 sulatu
1031 808 1241 848 infeliciter
1258 807 1404 860 gestam
1424 820 1490 844 vo·

884 877 975 906 cant
1022 867 1064 905 in
1104 865 1242 917 populi
1282 862 1488 902 iudicium.

883 928 1079 975 1817·12.
1101 929 1298 971 1820.12.
1318 920 1485 958 alterum

880 991 1029 1018 annum
1067 979 1110 1017 in
1153 974 1371 1029 magistratu
1396 987 1488 1026 per-

876 1044 1050 1074 manent.
1074 1039 1192 1084 1853.
1212 1047 1251 1085 4.
1285 1028 1484 1069 consulem

877 1092 920 1130 in
952 1103 1145 1130 carcerem
1172 1087 1311 1128 abduci
1330 1086 1481 1126 iubent.

885 1153 1004 1201 1873.
1033 1158 1095 1188 11.
1149 1157 1236 1184 cum
1255 1140 1411 1183 consule
1431 1143 1483 1180 al-

880 1213 1088 1243 tercantur.
1119 1207 1237 1254 1874.
1263 1212 1326 1252 15.
1372 1211 1482 1252 agra·

877 1261 978 1299 rium
1022 1259 1230 1311 negotium
1264 1252 1386 1295 rursus
1425 1268 1483 1293 vt·-

877 1326 987 1369 gent.
1005 1321 1124 1364 1881.
1142 1326 1202 1357 10.
1223 1313 1360 1366 legum
1371 1322 1482 1362 prae-

874 1372 1126 1423 scriptionem
1146 1380 1297 1422 vrgent.
1313 1374 1477 1420 19827.

874 1429 917 1468 in
947 1427 1119 1468 senatum
1148 1426 1405 1465 admittuntur
1430 1421 1489 1463 ad.

875 1483 1200 1524 consultationem
1256 1480 1308 1520 de
1360 1477 1479 1518 salute

877 1540 1127 1592 reipublicae.
1153 1543 1345 1591 1987.11.
1367 1531 1478 1576 Caes.

875 1598 1084 1649 Quintium
1103 1594 1201 1634 falfis
1220 1591 1411 1632 criminib.
1430 1603 1480 1630 ex

874 1654 970 1694 vrbe
991 1654 1154 1705 pellunt.
1175 1662 1299 1692 2002.
1317 1661 1349 1689 1.
1381 1649 1480 1688 Cae-

874 1708 978 1749 sonis
994 1708 1148 1758 Quintii
1171 1703 1401 1756 expulsione
1421 1703 1480 1741 ni-

874 1765 930 1804 hil
943 1764 1164 1817 proficiunt.
1190 1772 1311 1803 2002.
1329 1771 1391 1802 12.
1413 1757 1478 1796 do-

873 1822 956 1860 lum
1003 1821 1055 1860 de
1096 1817 1371 1859 coniuratione
1409 1827 1477 1854 cu·

875 1878 987 1917 dunt.
1010 1888 1129 1927 2004.
1150 1886 1209 1916 10.
1232 1873 1392 1912 tertium
1409 1883 1478 1908 an-

874 1946 970 1972 num
999 1933 1040 1971 in
1059 1929 1278 1984 magistratu
1299 1937 1475 1966 manent.

876 1991 997 2041 2036.
1017 1989 1079 2026 vlt.
1127 1995 1303 2037 quartum
1324 1995 1475 2022 annum

876 2046 919 2084 in
965 2043 1182 2096 magistratu
1228 2047 1473 2092 permanent.

875 2112 996 2152 2045.
1010 2113 1045 2152 ς.
1067 2097 1285 2150 magistratu
1306 2096 1346 2134 in
1363 2095 1476 2147 quin-

875 2167 961 2195 tum
980 2168 1124 2194 annum
1147 2153 1381 2198 continuato,
1409 2149 1478 2189 de-

876 2212 1000 2251 lefitus
1021 2210 1102 2250 fieri
1125 2207 1345 2262 prohibent,
1368 2216 1476 2246 ante-

874 2281 991 2319 quam
1018 2266 1067 2306 de
1093 2265 1246 2319 legibus
1267 2266 1304 2305 S.
1326 2264 1372 2304 C.
1397 2261 1473 2301 fiat.

876 2335 997 2375 2059.
1019 2336 1057 2375 4.
1111 2321 1284 2362 senatum
1316 2329 1474 2371 quoque

869 2392 1096 2433 pannocare
1141 2375 1303 2430 aggresli
1325 2390 1332 2413 :
1385 2386 1474 2412 cum

875 2446 967 2475 ante
986 2448 1107 2487 penes
1125 2431 1222 2472 solos
1242 2428 1416 2470 consules
1428 2441 1476 2468 ea

876 2493 1043 2544 potestas
1067 2488 1173 2528 esset.
1194 2500 1313 2540 2072.
1332 2500 1370 2528 2.
1415 2486 1476 2525 in·

877 2560 936 2587 ter
968 2546 1004 2586 se
1036 2543 1264 2596 conspirant.
1291 2554 1410 2594 2074.
1439 2556 1473 2585 1.

874 2602 1093 2643 senatorum
1144 2599 1322 2652 precibus
1370 2598 1476 2636 licio-

874 2661 924 2700 ris
971 2657 1198 2710 supplicium
1236 2653 1476 2695 condonant.

931 2716 994 2756 Zz
1024 2727 1047 2768 3
1353 2720 1476 2762 2074.
