1751 3154
765 146 1151 189 1NDEX

274 257 561 311 Epithalamiae
580 258 769 300 orationis
785 258 935 299 metho-

337 316 422 355 dus.
791 328 935 369 247.1.

280 371 464 425 Epitheta
492 371 699 412 venustatis
723 374 846 427 gratia
873 371 935 411 ad-

336 427 534 468 hibentur.
559 435 649 481 8537.
662 430 724 469 vlt.
744 429 845 481 apud
857 430 936 468 Pla-

334 495 468 523 tonem
481 483 862 538 frequentiora.966.
872 497 888 526 1
902 498 934 527 1.

272 540 433 595 Epodos
470 552 622 580 mutare
651 542 743 582 licet
774 541 934 589 melicis,

328 610 414 637 non
450 598 547 636 item
574 597 746 650 strophas
774 609 812 638 et
840 598 935 637 anti-

331 652 518 705 strophas.
534 666 621 707 130.
636 667 669 707 ς.
689 654 833 705 Epodis
845 668 934 706 pau-

330 711 384 749 cis
419 710 624 755 vtebantur
652 710 764 764 prisci
792 712 933 750 melici.

768 779 933 820 131.11.

275 821 438 873 Equites
466 834 539 869 cn,
579 834 666 860 cum
698 824 935 874 peltatorutn

329 877 504 917 millibus
525 891 583 917 1v.
604 890 699 931 735.
718 891 756 931 7.
783 881 935 929 equites

330 946 423 973 ccc.
454 946 540 972 cum
571 937 702 986 grauis
721 947 936 974 armaturae

328 988 519 1027 militibus
543 990 601 1028 bis
618 991 737 1028 mille.
757 1003 850 1043 735.
871 993 934 1032 16.

327 1043 380 1084 de
406 1048 518 1097 Equo
534 1075 544 1094 ,
585 1047 706 1085 orati0
732 1045 934 1087 Dinarchi.

790 1105 935 1157 6641.

275 1155 490 1196 Erchienfis
515 1159 605 1211 pagi
619 1159 784 1210 populus
802 1159 850 1198 ab
862 1162 935 1198 Eu-

331 1212 486 1265 phileto
498 1212 687 1254 accusatus
698 1215 859 1255 iniustae
870 1228 936 1254 ex·

328 1269 519 1309 clufionis.
595 1274 687 1313 612.
701 1278 739 1321 3⁵.
762 1273 855 1323 617.
869 1272 934 1312 vlt.

275 1324 474 1376 Erythrae,
496 1328 684 1368 Boeotiae
697 1341 783 1379 opp.
803 1340 933 1381 1035.

276 1383 462 1428 Eteonos,
483 1385 670 1423 Boeotiae
685 1398 776 1436 opp.
801 1396 932 1438 1033·

275 1436 498 1478 Ethicarum
534 1450 575 1478 et
603 1439 844 1492 Pliylicarum
876 1453 934 1480 re-

330 1507 415 1533 rum
441 1493 644 1548 scriptores
672 1497 782 1536 tenui
803 1497 934 1536 difflo-

327 1563 382 1589 ne
403 1550 463 1590 vsi.
784 1553 879 1605 956.
895 1566 934 1605 7.

275 1618 350 1657 pro
366 1607 498 1647 Etietti
522 1605 622 1646 sorte
641 1607 823 1647 aduersus
833 1608 934 1650 Cha-

331 1663 645 1704 retemDinarchi
658 1666 932 1717 orati0.663.4.

273 1719 565 1771 Etymologiam
612 1721 760 1772 primus
806 1721 934 1772 attigit

332 1775 451 1814 Plato.
789 1788 856 1829 95.
870 1777 932 1814 vlt.

275 1831 512 1879 Euaenetus‚
536 1829 684 1869 archon
704 1829 933 1873 Atheniens.

761 1894 855 1941 723.
872 1900 934 1930 10.

275 1940 442 1981 Euboea
461 1952 583 1994 capta.
605 1949 696 1994 833.
716 1955 751 1996 3.
791 1942 935 1996 subigi-

333 2007 394 2036 tur
411 1997 459 2036 ab
478 1998 629 2041 Athen.
652 2006 742 2053 845.
765 2000 824 2039 vlt.
861 2003 935 2040 Eu-

329 2052 459 2092 boeae
489 2056 734 2106 tyrannicum
763 2055 935 2096 domina-

327 2119 411 2148 tum
477 2108 664 2162 imposuit
716 2111 932 2164 Philippus.

329 2177 349 2206 1
362 2178 377 2206 1
387 2166 516 2205 20.vlt.
539 2167 830 2206 Euboeensibus
843 2181 933 2206 con-

326 2221 439 2259 nubii
458 2223 515 2259 ius
533 2225 861 2264 communicatum
883 2224 931 2263 ab

324 2276 472 2316 Athen.
787 2292 931 2332 5292.

273 2331 456 2372 aduersus
483 2331 723 2373 Eubulidem
762 2337 933 2386 appella-

332 2389 386 2427 tio
410 2403 421 2436 ;
474 2388 597 2428 oratio
639 2391 930 2431 Demosthenis.

780 2458 872 2499 993·
892 2460 930 2499 5·

273 2499 455 2546 Eubulus,
469 2499 613 2540 archon
627 2500 717 2541 Ath.
739 2502 830 2553 655.
844 2516 880 2555 4.
896 2513 931 2551 5.

329 2560 423 2608 667.
444 2570 480 2598 2.
503 2564 597 2609 728.
618 2569 655 2610 7.
677 2568 772 2610 737.
791 2570 826 2610 9.
859 2572 930 2609 pro

331 2613 474 2651 eodem
508 2612 686 2654 Eudorus
724 2626 931 2667 perperam

330 2680 367 2721 p.
386 2673 478 2723 648.
502 2681 596 2722 pen.

990 258 1232 300 Eucharistus
1254 288 1264 307 ,
1310 260 1473 301 Archon
1502 260 1647 315 Athen.

1501 322 1648 372 6483.

992 370 1177 412 aduersus
1195 371 1398 412 Euclidem
1422 371 1648 427 disceptatio

1050 427 1165 480 super
1183 429 1266 483 agri
1280 426 1487 470 solutione.
1507 433 1599 472 612.
1609 443 1649 484 7.

992 486 1226 534 Eufiiemom
1241 485 1385 525 archon
1396 486 1541 527 Athen.
1553 492 1649 539 650.

1580 544 1646 583 vlt.

990 596 1350 649 Eudemus‚archon
1361 597 1506 640 Athen.
1515 602 1650 653 6484.

991 710 1193 750 Eudemus
1206 668 1528 760 Parius‚histor.78
1541 669 1598 761 158.
1612 725 1650 765 ς.

992 768 1177 815 Eudorus,
1207 766 1414 816 (mendose
1434 781 1504 819 pro
1523 768 1653 808 Eubu-

1049 825 1129 874 lus)
1140 822 1287 862 archon
1301 823 1650 877 Athen.648.pen.

990 882 1178 932 Eugaemn
1192 880 1355 929 Samius,
1370 879 1500 921 histor.
1514 886 1651 933 8184.

993 935 1205 975 Euidentia
1224 936 1331 987 quid.
1351 941 1443 990 465.
1468 937 1531 975 vlt‘.
1571 937 1651 975 eui-

1049 991 1193 1039 dentia,
1212 993 1392 1043 primaria
1410 994 1528 1031 virtus
1542 993 1583 1031 in
1594 991 1652 1030 hi·

1050 1046 1184 1086 storica
1204 1048 1385 1087 diffione.
1502 1052 1596 1102 776.
1615 1060 1648 1089 1.

991 1102 1221 1149 Eumaffles,
1257 1104 1475 1156 inquilinus
1500 1114 1542 1144 et
1558 1108 1653 1145 Tra·

1045 1160 1184 1211 pezita‚
1197 1158 1386 1200 seruitutis
1402 1173 1502 1199 reus.
1517 1172 1650 1214 593.1.

991 1214 1324 1268 Euonymenfium
1369 1214 1551 1255 aduersus
1600 1213 1648 1255 sa-

1046 1284 1130 1311 cros
1173 1283 1391 1323 praecones
1422 1269 1650 1324 disceptatio

1042 1325 1157 1380 super
1176 1327 1357 1368 canistris.
1381 1330 1473 1381 658.
1494 1341 1533 1370 2.
1572 1327 1649 1368 vid.

1045 1395 1128 1424 not.
1149 1384 1185 1423 b.

989 1439 1185 1493 Euphemi
1203 1438 1503 1482 Atheniensium
1530 1439 1652 1493 legati

1045 1498 1180 1544 oratio,
1204 1510 1287 1537 non
1301 1496 1488 1549 probatur
1500 1497 1652 1549 Diony-

1047 1553 1113 1593 fio.
1473 1564 1567 1604 922.
1587 1565 1647 1605 ¹3·

991 1622 1061 1662 pro
1100 1607 1312 1660 Euphileto
1360 1606 1542 1647 aduersus
1585 1613 1652 1650 Er-

1043 1662 1241 1704 chiensem
1278 1677 1423 1718 pagum
1464 1677 1651 1715 prouoca-

1046 1721 1111 1759 tio.
1139 1723 1233 1761 612.
1257 1726 1293 1769 8.
1337 1718 1539 1771 Euphileti
1559 1733 1650 1759 con-

1046 1787 1102 1815 tra
1114 1773 1342 1815 Erchienses
1352 1776 1558 1828 populares
1569 1772 1651 1816 suos

1049 1830 1240 1872 defensio.
1448 1834 1544 1884 617.
1558 1844 1648 1882 pen.

990 1889 1154 1940 Eupolis
1187 1888 1231 1927 in
1257 1886 1472 1926 comoediis
1490 1885 1562 1926 suis
1580 1901 1649 1939 po·

1047 1945 1192 1984 liticum
1213 1944 1293 1997 agit
1311 1954 1350 1982 et
1362 1941 1648 1996 philosophum.

1045 2013 1140 2051 302.
1161 2014 1200 2053 5.
1251 1999 1511 2052 Eupolideum
1539 2013 1650 2038 voca.

1044 2056 1197 2095 bulum.
1497 2067 1595 2108 413.
1611 2067 1647 2106 5.

988 2112 1219 2165 Euripides,
1258 2114 1517 2163 Anaxagorae
1542 2108 1649 2149 disci-

1041 2170 1159 2222 pulus
1215 2168 1348 2218 primis
1395 2166 1648 2218 temporibus,

1043 2224 1176 2277 postea
1187 2224 1362 2271 Socratis,
1385 2235 1463 2272 quo
1486 2222 1648 2261 artificio

1041 2281 1155 2332 primi
1194 2280 1459 2330 praeceptoris
1498 2275 1553 2317 sui
1581 2279 1648 2318 do·

1045 2349 1134 2388 gma
1157 2335 1196 2373 in
1221 2335 1456 2386 Melanippe
1478 2336 1648 2386 protule-

1047 2392 1107 2430 rit.
1129 2403 1221 2443 301.
1246 2403 1277 2432 1.
1298 2402 1392 2443 355.
1417 2402 1477 2432 11.
1494 2391 1535 2429 in
1561 2396 1647 2433 Me-

1042 2448 1204 2498 lanippe
1231 2447 1385 2493 docuit,
1422 2459 1501 2498 quo
1526 2447 1646 2486 modo

1042 2503 1204 2542 duarum
1225 2504 1438 2551 afflonum,
1467 2500 1531 2541 seu
1553 2502 1648 2542 dua·

1045 2573 1128 2598 rum
1162 2557 1396 2606 caussarum,
1434 2557 1545 2610 poffit
1561 2557 1645 2597 fieri

1045 2617 1282 2667 complexus.
1320 2627 1411 2667 300.
1443 2627 1535 2667 pen.
1599 2615 1642 2652 in

1046 2673 1174 2713 Aeolo
1206 2670 1313 2711 aliud
1341 2671 1527 2724 proponit
1546 2698 1585 2764 ,Γ
1606 2680 1645 2765 ej

1537 2740 1558 2765 a
1575 2738 1614 2765 iu
