1751 3154
592 111 1005 153 RERVM.

168 221 405 277 permittitur
423 234 443 260 a
455 218 764 275 senatu.1673.g.

174 285 289 332 1789.
312 290 347 329 5.
375 276 563 319 Consules
584 274 763 317 successu-

168 348 232 375 tos
255 333 324 373 fibi
354 333 527 375 consules
547 334 762 386 defignant.

169 402 287 444 1911.
302 402 387 442 24.
409 390 570 430 Consuli
592 392 629 429 in
650 396 762 441 proe-

163 447 220 487 lio
239 446 447 486 interemto
460 445 639 485 sufficitur
649 447 756 484 alius.

163 513 286 554 2031.
332 515 364 544 1.
428 501 608 544 Consulis
645 502 757 540 vnius

162 559 335 598 afflones
365 572 438 598 nec
465 559 664 612 legitimae
694 556 756 595 ha-

161 613 320 664 bentur,
347 629 420 655 nec
437 628 548 655 ratae.
575 625 695 665 2031.
718 625 754 664 3.

159 668 304 710 Consul
355 669 490 711 absens
534 681 573 709 et
609 670 754 708 inuitus

157 737 309 766 creatur
333 732 404 778 Ap.
418 727 611 774 Claudius,
635 724 754 777 Appii

157 781 186 822 f.
211 790 325 832 1858.
347 795 384 836 9.
428 780 571 824 Consul
597 796 618 820 a
637 782 753 821 dista-

156 847 242 878 tore
260 841 433 890 priuatur
444 840 617 890 imperio.
631 850 709 890 205
717 850 751 888 5.

687 895 751 933 vlt.

101 947 292 992 Consules
310 950 357 989 ad
377 948 616 989 tribunorum
637 951 753 989 colle-

876 221 992 259 creati
1016 221 1240 262 decemuiri.
1262 234 1384 277 2141.
1409 233 1471 267 10.

876 273 1068 318 Consules
1108 276 1254 319 rursum
1289 280 1374 331 post
1408 282 1474 320 de-

872 333 1063 371 cemuiros
1104 348 1124 372 a
1159 336 1309 387 populo
1337 347 1472 375 centu-

872 388 977 428 riatis
999 388 1164 428 comitiis
1176 393 1470 445 creati-2273.3.

867 458 939 496 pro
964 442 1081 486 confl'.
1103 448 1216 485 creati
1238 447 1381 486 tribuni
1402 449 1471 487 mi—

869 501 1012 541 litares.
1042 513 1162 553 2305.
1185 508 1220 549 8.
1273 500 1467 542 Consules

863 557 1008 596 iterum
1063 571 1133 609 pro
1181 556 1343 597 tribunis
1384 561 1466 598 mil.

866 625 1056 653 creantur.
1292 618 1412 665 2306.
1426 627 1467 667 ς.

863 668 1078 710 Consulum
1098 667 1466 721 ministriaplebeiis

864 724 1075 778 pulsantur.
1102 737 1219 778 1119.
1239 737 1278 778 7.
1318 725 1467 765 Consu-

864 783 945 821 lum
973 782 1093 821 vestis.
1118 793 1212 834 954.
1236 783 1274 823 6.
1318 778 1467 821 Consu.

865 838 946 878 lum
967 849 1195 878 ornamenta
1213 835 1298 888 post
1318 837 1464 876 eiectos

862 907 992 949 reges.
1050 906 1143 949 570.
1188 905 1248 946 14·
1297 900 1388 945 817.
1429 905 1462 934 1.

1098 961 1214 1002 1029.
1229 963 1268 1002 4.
1289 958 1462 1000 2151.5.

155 1006 262 1061 gium
291 1007 454 1045 citantur
470 1007 517 1045 ab
537 1008 641 1045 lcilio
666 1006 749 1045 trib.
806 1003 1025 1047 Consularis
1064 1005 1114 1045 ob
1151 1019 1232 1044 rem
1260 1018 1302 1043 m
1331 1002 1467 1043 consu-

154 1063 209 1116 pl.
237 1074 357 1115 2073.
384 1074 415 1103 1.
469 1076 555 1101 cum
584 1063 750 1101 tribunis

153 1119 395 1157 altercantur.
426 1130 544 1173 2074.
578 1131 638 1171 15.
703 1118 750 1158 ad

152 1173 418 1213 eneruandam
432 1174 673 1214 tribunorum
686 1188 752 1226 po-

149 1231 334 1276 tentiam,
363 1231 514 1281 aliquos
535 1244 583 1270 ex
605 1244 653 1270 eo
674 1232 750 1269 col-

149 1286 258 1339 legio
278 1284 485 1325 familiares
506 1286 572 1325 fibi
590 1286 746 1326 faciunt.

154 1352 272 1394 1741.
295 1349 330 1390 3.
378 1341 587 1382 Consulem
612 1345 652 1381 in
674 1356 747 1382 car-

146 1410 274 1437 cerem
286 1397 422 1436 abduci
439 1398 576 1438 iubent
588 1399 744 1438 tribuni.

150 1461 271 1506 1873.
295 1465 356 1495 11.
387 1453 532 1494 Consul
553 1468 639 1494 cum
661 1455 745 1494 trib.

149 1509 201 1548 de
221 1510 354 1547 violata
373 1510 609 1562 magistratus
628 1509 680 1549 sui
694 1511 745 1549 di-

146 1566 298 1619 gnitate
315 1567 540 1616 expostulat.
560 1574 743 1620 187413.

145 1617 340 1663 Consules
366 1634 387 1659 a
419 1622 583 1661 tribunis
611 1625 650 1661 in
678 1636 745 1674 po-

145 1677 230 1730 puli
241 1677 425 1716 iudicium
438 1680 612 1717 citantur.
624 1686 743 1728 2080-

139 1744 180 1787 9.
237 1730 422 1774 Consules
455 1747 542 1773 cum
577 1737 616 1774 in
646 1735 745 1773 iudi·

147 1790 249 1828 cium
284 1788 450 1841 pertrahi
478 1804 560 1829 non
588 1790 739 1843 poss'int,

145 1844 340 1883 adiutores
387 1857 522 1884 eorum
557 1848 745 1897 arripiun-

145 1911 219 1940 tur.
244 1907 414 1951 20841.
434 1913 604 1944 2101.1.
633 1904 742 1943 Con-

144 1953 242 1996 sules
281 1955 556 2006 rempublicam
587 1956 632 1995 ad
663 1958 742 2008 ple-

143 2011 203 2052 bis
219 2011 391 2051 fauorem
412 2011 742 2051 administrat-ein-

860 1064 938 1102 latu
967 1062 1069 1102 male
1087 1061 1231 1115 gestam
1252 1075 1271 1099 a
1296 1060 1462 1099 tribunis

860 1120 902 1158 in
932 1118 1115 1158 iudicium
1140 1129 1307 1156 vocatur.
1342 1123 1460 1168 1817.

864 1187 925 1217 10.
953 1183 1113 1227 1820.9.
1141 1170 1354 1215 Consulatu
1374 1171 1461 1210 fun·

862 1233 942 1269 &us
960 1232 1103 1272 Calsius
1123 1231 1161 1268 in
1183 1229 1370 1268 iudicium
1396 1240 1461 1267 vo·

859 1298 966 1326 catur
993 1301 1014 1324 a
1041 1285 1303 1338 quaestoribus
1330 1283 1380 1322 ob
1404 1282 1461 1322 af-

857 1341 1034 1382 fei‘tatam
1059 1341 1318 1396 tyrannidem.
1339 1344 1458 1393 1695.

863 1411 923 1441 10.
981 1394 1213 1438 Consulares
1243 1411 1263 1434 a
1295 1395 1458 1437 tribunis

856 1456 909 1507 pl.
931 1456 971 1493 in
991 1456 1176 1494 iudicium
1199 1463 1386 1492 vocantur
1404 1451 1455 1489 ob

855 1512 1074 1564 negleftam
1120 1523 1203 1550 rem
1249 1508 1451 1561 agrariam.

859 1574 977 1620 1845.
998 1581 1089 1618 pen.
1138 1562 1369 1605 Consulares
1390 1576 1455 1601 cur

854 1625 1022 1675 pecunia
1047 1622 1216 1661 muliiati
1238 1635 1258 1659 a
1280 1620 1454 1667 tribunis,

856 1691 937 1717 non
959 1680 1094 1730 capite.
1114 1689 1235 1730 2123.
1258 1688 1320 1717 10.
1350 1677 1453 1716 Con·

851 1732 993 1773 sulares
1011 1733 1244 1775 sententiam
1263 1730 1455 1785 rogaban-

854 1801 916 1829 tur
954 1804 1025 1843 pro
1043 1791 1178 1830 aetatis
1218 1786 1452 1828 discrimine.

855 1858 975 1899 1194.
995 1860 1029 1900 3.
1064 1844 1338 1889 Consularium
1359 1853 1452 1881 natu

853 1914 892 1941 et
913 1906 1063 1942 honore
1082 1904 1321 1954 praecipuus,
1341 1898 1453 1950 patri-

850 1957 923 1997 bus
943 1957 1226 2005 haefitantibus,
1252 1955 1344 1994 vtile
1363 1966 1452 1991 con-

850 2012 971 2052 filium
991 2015 1143 2064 promit.
1282 2015 1449 2062 1018.4.

145 2069 308 2120 cipiunt.
346 2080 525 2121 2119.1.
562 2081 740 2120 21245.
795 2067 1014 2109 Consularis
1064 2066 1227 2120 potestas
1275 2067 1448 2105 limitata.

147 2122 339 2165 Consules
393 2125 586 2176 priuatum
633 2124 740 2162 domi

145 2177 235 2218 suae
255 2177 428 2219 senatum
447 2179 600 2219 habent.
620 2191 741 2231 2291.

146 2246 186 2275 2.
234 2235 283 2274 de
302 2233 515 2276 Consulum
541 2236 742 2275 creatione

143 2289 256 2342 plebs
284 2303 371 2330 cum
391 2291 558 2341 patriciis
580 2303 740 2331 conten-

143 2346 222 2390 dit3
243 2344 329 2384 suae
348 2346 526 2386 fafflonis
543 2347 738 2401 magistra-

146 2412 231 2441 tum
250 2403 396 2452 vtrique
412 2414 604 2456 vrgentes.
622 2414 738 2456 1732.

150 2468 186 2499 1.
226 2455 437 2497 Consulum
455 2459 550 2497 alter
572 2472 595 2497 e
614 2460 738 2512 plebis

145 2510 375 2558 fautoribus,
401 2514 496 2552 alter
515 2527 563 2553 ex
582 2516 741 2565 optima-

145 2579 226 2607 tum
239 2568 407 2608 sanione
420 2569 739 2623 legitu1·.1734.7.

149 2631 265 2678 1738.
285 2636 375 2675 pen.
424 2638 494 2677 pro
520 2624 740 2667 consulibus

852 2130 944 2170 820-
963 2136 1023 2166 11.
1043 2123 1267 2165 Consularis
1287 2120 1450 2174 potesta·

852 2181 898 2219 tis
917 2178 1079 2234 inlignia
1100 2179 1318 2219 moderatur
1328 2180 1366 2217 P.
1377 2179 1452 2216 Va-

851 2237 969 2275 lei-ius
991 2236 1206 2287 Poplicola,
1240 2234 1288 2273 ad
1309 2235 1448 2272 leuan-

850 2291 936 2331 dam
949 2293 1149 2331 inuidiam.
1165 2299 1446 2343 1029.5.2151.

847 2361 884 2390 2.
923 2345 1146 2389 Consularis
1167 2345 1360 2399 potestatis
1383 2342 1450 2381 ob-

846 2402 1056 2443 seruator-es
1099 2413 1139 2442 et
1183 2401 1448 2441 moderatores

851 2457 1058 2501 senatores.
1084 2469 1202 2512 1441.
1220 2472 1259 2510 4.
1299 2452 1450 2497 Consu-

850 2516 919 2555 lari
948 2514 1122 2568 potestati
1152 2514 1287 2552 denuo
1306 2509 1450 2551 subtra-

850 2571 956 2611 hitur
992 2570 1190 2623 quidpiam
1224 2583 1245 2607 a
1271 2566 1356 2607 trib.
1388 2565 1442 2617 pl.

847 2638 969 2680 2071.
996 2630 1059 2680 16.
1099 2621 1318 2668 Consularis
1336 2630 1448 2675 pote·

902 2685 955 2723 ὃς
987 2694 1009 2735 3
1373 2676 1448 2717 stas
