1751 3154
555 106 967 149 RERVM.

130 217 320 261 diffundet
361 215 726 258 senatusconsultum

131 277 182 317 de
219 275 386 328 patriciis
415 276 549 326 populi
579 276 724 314 iudicio

133 330 408 372 submittendis.
435 335 550 384 1416.
569 343 607 383 7.
640 327 725 372 Cas-

129 387 184 428 fio
208 388 248 426 in
269 400 312 426 re
331 389 475 441 agraria
493 384 724 425 adum-satur.

134 448 253 496 1679.
286 455 320 494 5.
380 442 430 482 de
455 444 547 496 lege
574 442 722 495 agraria

129 511 233 550 quae
253 499 368 538 verba
386 498 531 539 fecerit.
555 503 668 550 1685.
683 510 719 549 3.

128 568 153 594 a
193 556 399 606 prudentia
437 567 476 594 et
511 553 720 593 constantia

128 611 318 651 laudatur.
344 614 458 660 1633.
491 614 527 653 6.
549 610 598 649 de
621 609 720 648 fran-

128 668 261 720 genda
281 667 523 706 tribunorum
544 666 720 717 potentia

126 723 234 775 quod
299 721 473 766 dederit,
507 721 718 764 confilium.

130 791 332 831 1740.12.
378 789 495 830 2070.
517 789 553 818 2.
612 783 718 829 App.

125 834 282 874 Claudii
294 834 390 873 filius
402 830 633 873 consulatum
644 847 719 872 am·

125 889 213 929 bire
234 890 388 930 iubetur
406 890 575 940 apati-ib.
600 901 717 941 1732.

127 950 164 989 6.
199 951 298 998 App.
321 946 515 993 Claudius,
538 947 656 997 Appii
678 943 761 991 fi-l

125 1003 214 1050 lius,
243 999 376 1041 absens
396 1013 436 1040 et
455 1003 596 1041 inuitus
618 1014 718 1041 crea-

123 1069 186 1097 tur
212 1055 311 1097 cons.
347 1064 463 1109 1853.
499 1071 556 1100 10.
611 1063 714 1109 App.

123 1114 308 1156 Claudius
344 1116 552 1152 violentam
582 1125 716 1152 contra

124 1170 367 1209 tribunorum
407 1169 715 1209 machinationes

123 1225 219 1265 dicit
251 1223 489 1264 sententiam.
533 1229 649 1273 1861·
676 1228 714 1268 6.

121 1279 254 1334 aspera
291 1292 329 1321 et
361 1278 517 1330 superba
544 1283 717 1333 increpa-

122 1339 232 1376 tione
254 1336 411 1388 plebem
426 1336 642 1389 grauiffime
653 1350 717 1376 ex-

122 1393 284 1432 acerbat.
310 1397 421 1444 1863.
438 1406 529 1444 pen.
557 1407 576 1431 a
594 1394 717 1434 C.Le-

123 1450 260 1495 &or-io,
293 1449 377 1487 trib.
400 1451 450 1500 pl.
474 1450 641 1501 grauiter
660 1461 717 1487 re-

119 1504 386 1557 prehenditur.
426 1511 542 1554 1371.
579 1518 616 1547 2.
674 1506 717 1544 in

123 1561 229 1602 bello
241 1558 379 1600 Volsco
399 1573 581 1613 magnam
602 1574 716 1612 expe-

121 1617 216 1656 ritur
252 1617 384 1655 militis
421 1618 714 1656 contumaciam.

122 1678 240 1724 1878.
266 1684 325 1723 ¹3·
365 1672 490 1725 rigide
511 1673 550 1710 in
573 1673 714 1711 milites

119 1739 362 1768 contumaces
426 1728 714 1768 animaduertit.

125 1790 242 1831 1880.
265 1795 299 1834 5.
340 1790 438 1835 App.
456 1784 642 1824 Claudius
664 1786 715 1823 de

122 1841 205 1892 agri
233 1840 374 1890 publici
393 1840 583 1879 diuisione
600 1854 715 1891 quarn

121 1893 352 1934 sententiam
372 1896 518 1935 dixerit.
542 1902 658 1947 1885.
676 1908 717 1949 7.

122 1966 145 1991 a
185 1952 270 1990 trib.
308 1952 358 2003 pl.
390 1952 430 1990 in
460 1952 590 2002 populi
621 1953 717 1990 iudi-

120 2008 223 2046 cium
243 2019 409 2045 vocatur.
435 2012 550 2060 1893.
575 2019 608 2058 3.
638 2021 717 2045 mo-

118 2064 222 2103 ritur.
253 2070 368 2116 1894.
394 2074 451 2104 10.
493 2064 717 2114 App.Clau-

122 2120 227 2164 dius,
268 2121 311 2160 C.
340 2117 495 2159 Claudii
526 2133 570 2158 ex
601 2118 716 2158 fratre

114 2187 249 2224 nepos.
270 2181 389 2226 2178.
413 2176 475 2213 vlt.
504 2171 630 2213 consul
652 2176 716 2213 de-

119 2229 426 2282 {ignatur-.2136
461 2243 497 2283 9.
530 2233 716 2270 1101111113-

122 2285 295 2338 gistratus
327 2286 515 2326 desiderio
544 2287 717 2326 incendi-

124 2352 195 2379 tur.
220 2354 336 2394 2137.
363 2355 421 2383 12.
473 2343 715 2382 decemuiros

121 2398 274 2448 legibus
305 2398 480 2437 ferundis
501 2400 617 2438 creari
641 2398 716 2437 sua-

121 2453 201 2492 det.
228 2466 349 2506 2140.
380 2466 409 2494 1.
464 2468 531 2505 pro
557 2452 717 2493 consule

125 2521 275 2547 creatur
295 2509 498 2547 decemuir.
521 2522 668 2562 2141.1
682 2523 716 2552 1.

125 2566 242 2603 totius
278 2565 559 2604 decemuiratus
583 2565 716 2604 laudes

123 2618 222 2661 solus
236 2633 414 2672 reportat.
430 2626 713 2676 2144.6.2147.

70 2683 194 2718 mon.
207 2690 305 2718 uAt...
321 2690 422 2720 vot..
436 2679 502 2720 Vl.

841 228 876 259 1.
895 217 1036 257 iterum
1056 229 1206 259 creatur
1221 215 1435 269 decemuir,

832 271 924 312 suae
939 271 1115 314 faciionis
1131 275 1353 317 hominibus
1364 277 1436 321 fibi

835 327 995 368 adscitis.
1019 341 1138 383 2147.
1173 344 1232 374 11.
1261 345 1433 386 2149.2.

836 394 877 425 et
895 386 932 425 6.
962 387 1119 424 tertium
1137 401 1283 427 annum
1303 389 1343 428 in
1362 390 1434 429 de-

833 442 1045 480 cemuiratu
1065 454 1280 493 permanet,
1308 457 1431 497 2155,

832 509 870 550 3.
915 497 962 535 ad
987 494 1159 536 senatum
1181 498 1231 537 de
1249 498 1354 539 bello
1372 514 1433 540 re-

827 552 919 592 fert.
939 558 1061 596 2166.
1088 556 1123 594 6.
1167 554 1296 593 turbas
1314 556 1354 594 in
1379 555 1431 595 se-

831 620 924 648 natu
946 611 1158 660 componit.
1180 622 1288 662 2172
1314 623 1349 650 2.
1381 612 1429 651 ad

827 666 953 716 patrui
975 666 1122 704 monita
1143 665 1198 704 nil
1209 665 1428 717 respondet.

826 729 949 773 '2191-
973 732 1012 773 7.
1065 718 1216 760 senatus
1237 722 1430 764 dissidium

830 788 870 815 vt
898 790 968 828 pro
995 775 1033 816 se
1060 788 1099 815 et
1126 774 1200 816 suis
1229 778 1427 818 deciderit.

829 840 950 882 2208.
970 836 1008 876 6.
1049 846 1134 872 curn
1156 835 1216 884 Sp.
1237 836 1371 885 Oppio
1389 845 1429 873 et

828 889 978 928 duabus
1035 889 1258 942 legionibus
1326 890 1427 930 vrbis

830 944 1021 996 praefidio
1044 946 1206 984 relicius.
1242 959 1364 997 2214.
1383 958 1425 987 2.

826 1002 1031 1053 Virginiae
1062 998 1196 1040 insano
1217 1015 1350 1041 amore
1370 1015 1427 1042 ca-

829 1057 944 1108 pitur.
980 1065 1100 1105 2228.
1129 1069 1166 1097 2.
1224 1058 1428 1110 Virginiae

829 1110 993 1152 caufl‘am
1016 1113 1215 1164 quomodo
1236 1113 1425 1153 iudicarit.

827 1179 949 1220 2237.
981 1182 1007 1208 2
1068 1181 1200 1208 amore
1232 1171 1354 1222 magis
1383 1181 1427 1208 ac

823 1226 946 1277 magis
978 1224 1180 1263 exaestuat.
1216 1228 1334 1276 2246.
1363 1236 1427 1268 11.

829 1281 1040 1319 violentam
1070 1280 1120 1319 de
1142 1281 1321 1332 Virginia
1341 1293 1428 1332 pro·

825 1336 987 1374 nunciat
1020 1333 1261 1375 sententiam.
1302 1349 1425 1387 2250.

833 1403 852 1433 1
864 1404 892 1432 1.
908 1403 951 1436 et
961 1393 1099 1431 amoris
1114 1390 1238 1431 fructu
1253 1394 1427 1444 priuatur

826 1458 866 1487 et
890 1444 1047 1486 aduersa
1063 1449 1262 1498 experitur
1282 1449 1425 1486 omnia.

825 1515 946 1555 2252.
972 1516 1062 1554 pen.
1106 1504 1213 1542 domi
1242 1501 1279 1543 se
1305 1505 1428 1543 conti-

827 1571 905 1598 net.
926 1571 1044 1610 2271.
1058 1573 1093 1611 5.
1115 1561 1155 1598 in
1170 1561 1331 1598 vinculis
1345 1572 1427 1598 mo-

827 1616 935 1653 ritur.
964 1617 1086 1667 2276.
1113 1628 1149 1668 3.
1203 1628 1253 1655 an
1279 1614 1320 1654 se
1344 1613 1426 1667 ipse

825 1670 1079 1722 strangulant.
1246 1678 1368 1720 2282·
1386 1684 1425 1725 4·

775 1727 819 1768 C.
834 1727 1029 1774 Claudius,
1042 1726 1161 1778 Appii
1175 1724 1286 1767 filius.
1303 1731 1425 1776 2068.

827 1797 919 1835 pen.
966 1784 1089 1834 Appii
1119 1783 1329 1821 decemuiri
1357 1797 1425 1835 pa-

825 1849 944 1878 truus.
978 1847 1098 1888 2178.
1128 1839 1190 1877 vlt.
1246 1838 1354 1890 quod
1381 1840 1425 1879 in

827 1908 906 1946 rep.
933 1894 1142 1933 institutum
1170 1908 1190 1932 a
1216 1894 1425 1933 maioribus

827 1952 1031 2001 acceperit.
1052 1961 1218 2002 2179.4.
1240 1950 1425 2000 pan-isin·

828 2007 997 2045 ssitutum
1012 2003 1190 2054 sequitur.
1202 2010 1420 2056 2068.pen.

827 2064 871 2103 C.
912 2061 1099 2100 Claudius
1126 2059 1289 2100 Sabinus
1319 2058 1424 2104 cons.

828 2129 947 2167 2003.
969 2129 1004 2168 5.
1054 2116 1159 2166 plebi
1189 2117 1322 2155 innato
1343 2127 1384 2156 et
1402 2129 1427 2155 a

827 2171 1001 2211 maiorib.
1024 2183 1237 2225 propagato
1258 2173 1348 2211 odio
1370 2174 1428 2212 in·

827 2225 969 2267 sensus
990 2240 1108 2280 2003.
1133 2240 1194 2278 15.
1225 2229 1275 2268 de
1296 2228 1428 2281 Virgi-

824 2285 880 2323 nii
923 2283 1063 2321 tribuni
1097 2284 1290 2334 postulatis
1324 2295 1426 2335 quae

828 2339 943 2379 verba
966 2338 1107 2377 fecerit.
1129 2351 1249 2390 2013.
1268 2343 1304 2381 6.
1344 2338 1427 2378 {ine

827 2396 952 2449 plebis
974 2395 1116 2433 auxilio
1139 2397 1176 2433 in
1202 2394 1326 2433 hostes
1344 2406 1427 2433 ten-

827 2452 1000 2493 dendum
1025 2449 1164 2488 suadet.
1192 2462 1311 2500 2024.
1332 2462 1424 2501 pen.

826 2520 918 2548 anre
947 2509 1101 2545 moenia
1133 2505 1313 2544 excubias
1334 2506 1426 2558 agit.

822 2575 942 2615 2027.
978 2576 1012 2604 2.
1072 2562 1317 2600 tribunorum
1357 2574 1428 2599 nu-

823 2631 976 2662 merum
1010 2618 1200 2672 duplicari
1230 2613 1427 2657 diffundet.

884 2679 937 2717 Ss
1300 2674 1426 2723 2068.
