1751 3154
771 141 1154 181 INDEX

299 255 448 304 Liberis
494 265 653 306 operam
694 251 786 291 dare
826 262 946 304 coge-

354 312 497 350 bantur
523 311 589 362 qui
608 322 679 362 per
699 318 860 347 aetatem
880 320 949 359 po-

355 377 493 406 terant.
521 372 637 414 1802.
659 377 718 406 10.
740 364 887 405 Liberis
907 364 949 401 in

353 422 590 476 proditionis
645 421 810 460 crimine
865 431 950 457 non

356 480 478 531 parcit
495 481 646 518 Brutus.
669 479 865 527 860.pen.
892 475 951 516 Li·

357 535 442 573 beri
479 534 661 586 quamdiu
690 545 727 572 et
754 530 952 584 quomodo

353 590 579 643 parentibus
591 588 766 630 obstricti.
779 600 830 641 29
840 600 870 629 1.
888 599 950 638 14.

308 690 311 692 .
780 655 821 685 Ω(
836 656 871 685 2.
889 656 952 684 12.

301 701 498 744 Libitinae
534 702 702 743 Veneris
753 701 951 740 aerarium.

809 758 952 809 676.3.

300 813 406 857 Libri
432 812 534 854 sacri.
577 818 667 864 184.
701 822 736 863 ς.
775 818 894 864 1983.
914 820 950 850 2.

307 914 309 916 ,
356 870 462 913 Libri
515 867 606 908 sacri
659 877 699 906 et
747 866 952 906 reconditi.

720 925 840 974 2306.
856 934 950 973 pen.

300 980 470 1022 Licinius
491 979 552 1018 'de
568 977 675 1019 Tatii
701 977 822 1016 caede
849 988 950 1028 quae

306 1078 310 1085 ,
354 1035 539 1075 retulerit.
569 1037 661 1087 346.
681 1045 720 1086 7.
765 1045 840 1084 quo
859 1043 952 1071 tem-

302 1127 306 1129 ,
356 1104 456 1143 pore
492 1090 752 1141 Tarquinium
789 1085 952 1129 Priscum

354 1150 397 1187 in
424 1146 557 1186 vrbem
587 1143 733 1185 venisse
751 1140 952 1195 scripserit.

356 1206 448 1254 648-
481 1215 519 1256 9.
552 1214 613 1244 ΙΙ.
680 1201 731 1241 de
769 1203 955 1240 ouatione

353 1258 446 1309 quid
492 1256 685 1310 scripserit.
733 1268 826 1310 953.
862 1263 952 1309 pen.

349 1315 611 1365 Tarquinium
638 1313 860 1364 „Superbum
895 1312 953 1351 vl-

354 1372 450 1409 timo
470 1380 603 1409 contra
622 1373 815 1409 Romanos
836 1381 952 1420 proe-

356 1427 409 1465 lio
437 1439 487 1465 ex
512 1438 615 1477 equo
645 1421 856 1478 pugnasse,
896 1424 953 1463 in·

302 1512 317 1522 ‚f
356 1479 951 1533 confideratesc1·ip1ir.1060.v1t.

299 1574 306 1580 ,
352 1537 542 1577 di'clatoris
560 1551 706 1577 nomen
726 1537 773 1576 ab
790 1536 953 1577 Albanis

302 1629 305 1632 .
352 1592 567 1632 desumtum
598 1593 721 1632 tradit.
763 1596 879 1634 1026.
910 1593 948 1632 6.

302 1687 304 1689 .
353 1650 394 1694 in
424 1661 644 1701 temporum
673 1650 853 1688 examine
879 1659 950 1686 ne-

355 1706 523 1758 gligens,
599 1714 949 1757 1312.1.1313.2.

297 1762 438 1802 Licinii
477 1760 595 1803 Crassi
627 1760 753 1800 clades
786 1761 827 1798 in
864 1763 950 1799 Par-

352 1816 443 1856 thia.
806 1827 950 1867 249.4.

300 1874 346 1914 C.
367 1883 404 1911 et
415 1877 454 1916 Ρ.
465 1872 616 1920 Licinii,
638 1885 660 1911 a
680 1869 795 1923 plebe
819 1884 951 1910 crean-

351 1940 412 1967 tur
433 1928 591 1968 tribuni.
730 1930 845 1978 1246-
862 1939 946 1968 I.2.

297 1984 435 2034 Licior,
464 1981 684 2037 ῥαβόοφόρος,
715 1996 800 2022 cum
826 1983 947 2035 virga-

349 2054 433 2079 rum
459 2038 558 2079 fasce
579 2052 620 2079 ac
636 2037 754 2077 securi
773 2039 949 2090 praeibat

352 2097 448 2148 regi.
473 2100 615 2149 569.4.
636 2107 728 2147 570.
746 2107 808 2136 10.
834 2092 944 2134 refra-

346 2152 506 2190 Ctarium
525 2152 639 2203 virgis
660 2151 823 2190 caedere
840 2150 949 2188 iube-

346 2217 416 2260 tur.
446 2214 611 2259 18494.
639 2205 835 2244 consulem
857 2219 949 2244 con-

1055 263 1148 303 pen.
1221 252 1413 297 LiRQrem
1451 248 1656 292 consulum

1058 304 1152 347 iuffa
1183 305 1392 348 facientem
1434 308 1575 348 tribuni
1605 308 1658 347 de

1060 365 1231 414 Tarpeio
1259 362 1344 404 saxo
1363 364 1534 404 deiicere
1554 363 1659 403 insti-

1058 430 1184 459 tuunt.
1486 432 1606 473 2073.
1619 432 1656 473 5.

1006 475 1198 529 Ligurum
1222 472 1340 515 sedes,
1363 482 1504 529 28.13.
1520 489 1578 528 14.
1607 488 1658 515 ex

1061 532 1169 571 ltalia
1188 533 1230 570 in
1252 531 1418 572 Siciliam
1440 532 1658 585 emigratio.

1061 594 1126 640 58.
1139 600 1173 640 9.
1193 599 1253 631 12.
1277 588 1435 640 Ligures
1448 587 1660 628 Herculem

1062 643 1214 683 transitu
1246 643 1467 695 prohibent.
1511 655 1598 694 107.
1619 654 1658 683 2.

1063 701 1103 738 in
1128 700 1261 739 vrbem
1278 700 1434 750 recepti.
1517 711 1660 751 231.2.

1007 755 1236 809 Ligusticum
1275 755 1422 795 bellum
1449 767 1536 794 cum
1563 759 1663 795 Her-

1058 813 1155 852 cule.
1492 823 1580 862 107.
1595 823 1614 852 1
1626 821 1659 852 1.

1008 869 1214 909 Linearum
1251 865 1455 918 descriptio
1495 879 1661 920 augura-

1062 924 1116 963 lis.
1508 931 1657 976 7874.

1006 979 1101 1021 Liris
1117 979 1153 1018 fl.
1174 979 1286 1032 origo
1305 988 1343 1018 et
1364 978 1510 1018 ostium.
1524 991 1659 1030 2511.

1538 1037 1658 1077 262.

1008 1088 1118 1135 Lista,
1135 1099 1296 1141 metrop.
1316 1089 1476 1143 Aborig.
1514 1102 1659 1140 zio-10.

1009 1148 1223 1187 Literarum
1234 1148 1468 1186 Graecarum
1486 1145 1594 1186 vsum
1615 1146 1659 1187 in

1067 1201 1217 1240 Italiam
1272 1203 1405 1240 intulit
1460 1202 1654 1242 Euander.

1066 1264 1129 1310 87.
1148 1271 1181 1295 a.
1203 1259 1240 1298 6.
1259 1258 1397 1298 Literis
1414 1260 1578 1308 antiquis
1600 1258 1660 1296 in-

1063 1311 1218 1362 scriptus
1240 1315 1373 1364 tripus.
1396 1325 1506 1366 51.1.
1527 1313 1661 1352 Literis

1062 1367 1192 1422 priscis
1242 1367 1442 1421 inscriptus
1488 1370 1660 1420 clypeus.

1064 1428 1204 1478 782-6-
1215 1436 1254 1477 7.
1274 1426 1408 1465 Literis
1427 1426 1580 1465 Graecis
1599 1437 1662 1464 ve·
1701 1456 1705 1461 .

1065 1480 1170 1520 tustis
1199 1479 1380 1532 inscripta
1410 1482 1589 1521 columna
1616 1481 1662 1520 in

1062 1537 1228 1576 Dianae.
1254 1541 1344 1589 706.
1369 1543 1402 1584 8.
1430 1538 1558 1578 Litera
1578 1534 1661 1575 scri-

1060 1603 1212 1643 ptorem
1224 1592 1363 1643 prodit.
1377 1599 1507 1645 8575.
1522 1595 1655 1644 8672.

1059 1649 1215 1688 Literae
1233 1646 1397 1686 fictitiae.
1408 1656 1499 1700 778.
1518 1659 1577 1698 15.
1598 1647 1659 1686 Li-

1062 1713 1167 1743 terae
1206 1703 1314 1742 fiiiae
1347 1703 1394 1741 ab
1424 1705 1561 1755 ignoto
1589 1701 1660 1741 ho-

1058 1760 1168 1798 mine
1195 1760 1405 1799 redduntur
1426 1759 1586 1797 tribunis
1605 1758 1656 1810 pl.

1057 1826 1176 1867 2004.
1205 1827 1266 1855 12.
1315 1815 1528 1854 Literarum
1557 1814 1657 1853 indi-

1061 1873 1139 1917 cia,
1174 1869 1471 1924 chirographum
1498 1882 1535 1911 et
1554 1869 1656 1924 figi!-

1059 1927 1152 1968 lum.
1510 1930 1599 1975 860.
1613 1928 1656 1970 6.

1002 1981 1206 2024 Literarius
1270 1982 1384 2022 ludus
1447 1983 1487 2022 in
1551 1982 1650 2021 foro.

1479 2044 1598 2084 2228.
1612 2049 1650 2090 4.

1002 2095 1104 2134 Lites
1137 2103 1187 2143 et¹
1210 2091 1357 2133 cauffae
1389 2093 1653 2132 nundinamm

1058 2161 1240 2202 tempore
1328 2146 1653 2200 disceptabantur.

1478 2217 1593 2258 1447-
1609 2217 1646 2258 3·

299 2299 303 2301 .
349 2273 405 2301 tra
449 2263 693 2300 tribunorum
728 2261 943 2300 ministrum
1000 2260 1156 2302 Locatio
1183 2260 1265 2312 agri
1297 2258 1440 2311 publici
1465 2261 1504 2298 in
1537 2261 1649 2310 quin-

351 2328 491 2360 tuetur.
524 2323 727 2370 1373.14.
774 2317 945 2357 LiElores

350 2370 548 2414 consulum
583 2370 679 2413 iufl'u
712 2371 860 2410 turbam
891 2383 944 2409 tu-

348 2430 606 2468 multuantem

685 2424 940 2465 summouent.
993 2427 1112 2471 Locri,
1133 2428 1226 2466 olim
1244 2428 1419 2479 Leleges.

1052 2317 1439 2368 quennium.1686.9
1458 2319 1643 2369 169241-

1054 2369 1143 2408 Vise
1162 2383 1199 2409 et
1220 2384 1255 2421 p.
1281 2384 1398 2422 19¹1·
1418 2385 1456 2426 9.

1529 2440 1594 2481 47.
1607 2439 1647 2469 2.
1692 2462 1696 2466 .

299 2528 301 2531 ,
349 2485 938 2538 13899.Li&01⁴esx11.298.14.
995 2481 1205 2531 Longula,
1261 2482 1490 2522 Volscorum
1538 2486 1647 2535 oppi-

349 2541 517 2580 I.iclores
537 2539 711 2579 duodeni
734 2552 818 2577 cum
838 2536 938 2576 secu-

347 2598 455 2643 ribus‘
482 2609 521 2636 et
544 2595 729 2644 fascibus,
778 2594 936 2646 lingulis

345 2652 572 2694 decemuiris
590 2660 789 2698 anteeant.
810 2662 933 2704 2150.

1046 2538 1149 2584 dum,
1175 2540 1326 2590 capitur
1342 2554 1363 2578 a
1384 2539 1558 2578 Postumo
1570 2541 1643 2579 Co-

1047 2596 1183 2633 minio.
1214 2608 1328 2646 1251.
1354 2607 1393 2637 2.
1447 2596 1593 2646 capitur
1618 2609 1640 2633 a

1050 2651 1205 2693 Marcio.
1230 2658 1345 2706 1587.
1364 2663 1449 2705 ᾡς.
1479 2650 1527 2690 ad
1537 2652 1641 2688 Lon·

1505 2706 1640 2758 gulam
