1751 3154
588 122 999 168 RERVM.

152 242 237 272 tum
274 232 356 273 dux
391 232 433 272 in
465 231 576 274 bello
603 235 753 276 Latino.

149 300 244 344 524.
272 300 311 342 7.
374 291 554 341 equitum
593 291 671 330 dux
711 293 754 331 in

147 346 253 386 bello
274 344 432 387 Sabino.
457 349 625 400 526.16.
646 349 755 400 equi-

148 413 230 442 tum
253 400 353 450 duit,
397 402 448 441 ob
469 402 670 442 for-tillime
690 417 754 443 na-

144 469 270 498 vatam
298 471 457 510 operam
484 460 524 498 in
550 459 654 498 bello
675 464 754 501 Ve-

146 515 266 562 ienti,
308 526 465 566 praeter
490 528 665 556 caeteros
684 516 752 554 lio-

147 583 287 620 nores,
326 572 573 622 patiiciorum
593 584 750 624 quoque

146 638 189 667 et
225 626 445 666 senatorum
485 641 649 668 numero
684 626 751 667 ad-

142 680 328 723 scribitur
357 695 448 736 529.
468 697 503 737 3.
551 682 657 747 quib.
677 684 750 722 vir-

143 740 256 778 tutib.
270 741 374 793 regis
394 751 433 778 et
450 741 566 779 totius
584 741 680 792 reip.
694 738 748 779 fa-

143 809 281 836 vorem
299 797 569 848 pr·ome1ue1it.
584 808 745 848 542-10.

142 862 236 907 543
261 865 294 895 1
349 855 455 893 Rom.
487 864 555 891 rex
581 864 744 892 creatur.

143 920 325 963 543.10.
372 908 474 946 bella
495 921 596 959 quae
620 906 746 961 geffe-

141 966 201 1004 rit.
234 976 324 1017 543.
349 975 411 1005 11.
459 964 672 1016 triumphat
691 964 742 1003 de

139 1021 298 1064 Latinis.
314 1022 403 1070 556
416 1033 508 1071 pen.
529 1021 742 1072 triumphat

140 1076 193 1116 de
209 1071 388 1117 Etruscis.
415 1078 505 1127 566.
527 1091 562 1118 2.
615 1080 743 1116 trium-

139 1133 235 1186 phat
251 1131 475 1172 desabinis.
499 1140 588 1184 578.
603 1144 639 1184 7
661 1132 743 1172 sine

134 1201 289 1242 patrum
329 1198 368 1226 et
402 1188 526 1240 plebis
556 1186 744 1228 consensu

140 1245 270 1284 oblata
318 1257 547 1284 ornamenta
592 1244 743 1297 gestare

137 1315 223 1341 non
250 1301 337 1339 vult.
368 1313 459 1352 570.
486 1312 523 1341 2.
586 1302 628 1341 in
659 1314 740 1352 rep.

140 1371 242 1409 quae
262 1354 427 1408 gefferit.
449 1369 542 1409 579.
560 1369 598 1405 7.
617 1357 657 1395 in
677 1370 743 1396 au-

138 1413 275 1467 gendo
295 1413 483 1458 tribuum,
524 1411 585 1451 seu
608 1424 742 1452 centu-

133 1472 296 1516 riarum,
336 1482 502 1508 numero
529 1469 742 1521 impeditur

142 1526 348 1573 abrNeuio
376 1538 535 1578 augure.
564 1533 654 1579 589.
676 1526 740 1564 vlt.

140 1595 236 1635 594.
266 1595 302 1623 2.
366 1580 498 1620 dolose
542 1582 740 1621 occiditur.

137 1650 230 1691 593.
249 1651 288 1689 4.
320 1638 531 1690 *Tarquinii
551 1637 679 1687 funus,
700 1648 740 1677 et

137 1705 454 1734 monumentum.
477 1695 567 1747 653.
592 1707 653 1736 12.
697 1697 738 1734 L.

135 1750 377 1801 Tarquinius
391 1747 534 1789 Priscus
551 1749 739 1802 quamdiu

133 1807 319 1859 regnarit.
360 1818 449 1858 191.
485 1818 545 1858 14.
624 1819 740 1858 quam

132 1875 293 1903 vxorem
312 1860 510 1909 habuerit,
541 1872 580 1901 et
598 1873 742 1913 quanta

136 1929 277 1958 aetate.
307 1920 400 1970 648.
422 1931 456 1969 5.
485 1921 577 1970 649.
598 1922 636 1961 6.
689 1931 740 1956 an

137 1975 268 2026 plures
280 1986 414 2012 vxores
428 1972 740 2024 habuerit,quam

133 2030 407 2080 Tanaquilem.
429 2032 524 2083 652.
546 2040 584 2080 7.
629 2043 679 2068 an
699 2027 740 2067 fi-

137 2087 210 2125 lios
231 2086 314 2138 post
327 2083 362 2124 se
372 2086 586 2136 reliquerit.
599 2089 734 2138 6472.

78 2146 116 2186 L
148 2143 387 2193 Tarquinius
418 2141 639 2193 Superbus,
687 2154 738 2179 an

134 2198 343 2249 Tarquinii
357 2194 464 2236 Prisci
488 2195 588 2236 filius
606 2196 738 2236 fuerit.

134 2257 332 2307 649.pen.
356 2254 530 2292 Tulliam
548 2255 738 2292 maiorem

135 2310 253 2348 ducit.
283 2320 377 2360 710.
415 2321 475 2351 12.
543 2310 739 2349 minorem

136 2365 312 2404 Tulliam
332 2365 461 2414 ducit,
497 2363 638 2404 sublata
661 2379 739 2404 ma-

132 2422 229 2461 iore.
249 2428 341 2472 718.
357 2427 392 2469 8.
413 2423 569 2472 quando
587 2433 627 2460 et
643 2435 738 2473 quo-

128 2477 249 2516 modo
270 2477 415 2531 pqgitus
438 2479 615 2528 imperio.
637 2489 735 2531 745.

134 2537 174 2576 6.
199 2531 363 2582 Superbi
385 2545 609 2585 cognomen
630 2535 735 2573 vnde

132 2589 279 2629 nauus.
310 2600 396 2640 192.
427 2599 461 2628 1.
483 2600 636 2642 747.4.
668 2590 737 2628 im-

870 246 933 277 10.
983 238 1145 279 Latinae
1171 239 1302 292 gentis
1329 241 1470 293 princi-

865 302 1000 343 patum
1022 306 1099 343 quo
1119 295 1198 334 altu
1216 296 1282 337 fibi
1303 311 1469 361 pepere-

863 348 922 387 rit.
939 360 1030 400 753.
1046 363 1081 402 3
1102 350 1357 392 finitimorum
1376 356 1469 395 ami-

865 404 955 442 citia
985 404 1051 443 {ibi
1081 409 1314 459 conciliata,
1351 409 1468 450 ferias

862 460 1025 500 Latinas
1045 462 1216 503 instituit.
1236 469 1376 517 7625

861 520 1034 568 763.13.
1088 518 1189 557 bella
1220 534 1318 570 quae
1344 479 1468 574 gseffe-

859 572 917 611 rit.
935 578 1030 625 764.
1049 586 1085 626 4.
1115 574 1220 613 domi
1243 590 1343 627 quae
1373 590 1467 631 ege-

860 629 921 668 rit.
950 635 1044 682 733.
1065 643 1102 682 4.
1146 643 1194 681 qt.
1187 630 1249 669 ib.
1271 633 1465 687 prodigiis

861 683 912 723 de
933 687 1046 738 regni
1069 687 1271 726 amiffione
1289 704 1467 739 praemo-

856 742 960 780 nitus
980 743 1107 780 tuerit.
1127 755 1274 795 7951.
1295 745 1463 797 grauiffi-

857 810 1015 838 morum
1054 796 1242 838 scelerum
1270 801 1463 841 inlimula-

858 863 929 892 tut.
952 862 1042 905 825.
1053 867 1091 906 7.
1116 855 1208 894 vrbe
1226 855 1335 895 simul
1355 868 1465 898 etca-

857 907 939 949 stris
959 911 1190 950 excluditur.
1212 919 1302 960 842.
1316 924 1354 953 2.
1374 926 1465 955 cum

854 964 942 1004 filiis
964 977 1003 1004 et
1023 966 1181 1017 posteris
1193 981 1385 1020 perpetuo
1399 981 1466 1009 ex·

853 1021 936 1061 filio
949 1023 1165 1063 mutuatur.
1181 1032 1201 1073 8
1214 1037 1312 1077 19.4.
1328 1028 1462 1078 8396.

858 1085 950 1130 844.
974 1090 1035 1120 12.
1085 1080 1242 1130 quaudo
1272 1080 1461 1133 expulsus.

856 1135 1096 1185 651.10.in
1118 1135 1252 1175 exfilio
1273 1139 1391 1177 varias
1406 1152 1465 1179 re·

854 1188 955 1229 ditus
972 1190 1171 1230 machinas
1183 1202 1316 1231 tentat.
1323 1200 1413 1246 848.
1419 1204 1462 1247 7.

852 1245 1003 1284 obfides
1032 1257 1071 1285 et
1099 1246 1234 1286 cons.
1223 1263 1265 1287 in
1287 1248 1465 1289 Etruseo-

854 1315 940 1341 rum
978 1302 1093 1341 castra
1128 1316 1373 1345 r·euertentes
1402 1308 1464 1345 iu·-

855 1358 1048 1409 tei-cipere
1071 1372 1242 1400 conatur.
1262 1373 1356 1414 919.
1381 1375 1418 1414 5.
1438 1377 1463 1402 a

852 1412 1019 1455 Porsena
1038 1416 1274 1466 repudiatur.
1301 1430 1396 1470 920
1420 1424 1458 1466 8

855 1471 1013 1511 Latinos
1024 1477 1356 1513 contraRomanos
1370 1486 1463 1513 con-

854 1528 955 1565 citat.
974 1528 1116 1580 9647.
1137 1541 1230 1581 991.
1243 1541 1280 1569 2.
1302 1531 1461 1569 clande-

852 1581 968 1621 stinas
989 1584 1032 1622 iu
1052 1582 1363 1624 vrbeseditiones
1381 1600 1465 1626 ma-

853 1638 1040 1678 chinatur.
1070 1652 1163 1692 970.
1185 1644 1221 1683 6.
1269 1655 1319 1680 an
1345 1643 1386 1681 in
1408 1643 1462 1681 vl-

851 1695 948 1733 timo
977 1708 1062 1734 cum
1092 1697 1276 1736 Romanis
1305 1699 1459 1749 proelio

850 1763 901 1790 ex
928 1763 1031 1801 equo
1049 1754 1242 1805 pugnarit.
1279 1758 1396 1797 1061
1418 1766 1460 1796 2.

853 1808 1038 1857 quamdiu
1069 1810 1460 1863 rmegiiaiit.192.1.

855 1862 1012 1902 orbatus
1042 1874 1084 1902 et
1100 1865 1322 1916 decrepitus
1346 1879 1369 1905 e
1389 1870 1461 1908 La·

852 1918 907 1957 tio
938 1919 979 1956 in
1005 1920 1261 1972 Campaniam
1289 1923 1456 1970 excedit,

853 1970 1068 2026 Cumisque
1101 1977 1143 2015 iu
1184 1976 1315 2016 exfilio
1344 1980 1461 2017 mori·

852 2039 924 2068 tur.
1265 2039 1380 2083 1088
1397 2046 1460 2076 10.

795 2087 835 2127 L.
875 2087 1111 2137 l'quuinius
1149 2088 1366 2129 Collatinus
1408 2103 1459 2130 an

850 2144 910 2191 E<
898 2143 983 2180 erii
1006 2142 1104 2182 filius
1123 2142 1459 2199 suerit.796.14.

852 2210 876 2235 e
897 2197 1022 2236 cistris
1041 2210 1243 2240 r·eue1tens
1263 2202 1365 2240 lucin
1379 2204 1462 2253 ple-

846 2266 938 2292 nam
962 2253 1145 2294 domurn
1136 2269 1300 2296 inuenit
1325 2265 1413 2310 803.
1421 2264 1457 2305 8-

849 2322 938 2348 cum
969 2312 1087 2349 Bruto
1117 2311 1341 2366 designatur
1369 2327 1459 2353 con·

849 2364 915 2404 sul.
949 2372 1040 2413 821.
1060 2378 1097 2419 7.
1135 2375 1224 2420 840.
1245 2371 1280 2410 6.
1307 2375 1396 2422 844.
1417 2383 1457 2421 4.

847 2419 1047 2461 consulatu
1070 2420 1107 2461 se
1127 2423 1299 2471 abdicat,
1330 2437 1370 2464 et
1391 2430 1461 2466 La-

845 2479 995 2517 vinium
1018 2478 1207 2517 concedit.
1241 2487 1378 2530 8722
1384 2494 1460 2535 ,5.

842 2547 936 2586 pen.
960 2534 1077 2573 etiam
1099 2536 1140 2573 iu
1160 2534 1292 2574 exsilio
1304 2548 1455 2587 patriae

849 2590 957 2630 fauit.
1249 2596 1447 2635 1621.12.

132 2645 286 2698 perium
300 2644 733 2700 vtadministrarit.747.
791 2649 833 2690 L.
860 2645 1113 2699 Tarquinius,
1150 2648 1461 2702 magisterequi·

158 2711 291 2743 mort⁴
303 2712 409 2741 ΗΜ..
438 2713 539 2743 vot..
553 2703 621 2745 Vl.

900 2704 961 2743 Zz
1369 2716 1453 2745 tum
