1751 3154
574 107 987 151 RERVM.

91 215 186 259 Loci
206 215 346 258 natalis
363 214 630 259 consideratio,
649 227 742 270 244.

147 287 211 318 11·
249 274 422 312 locorum
442 284 480 313 et
497 270 640 313 sedium
662 286 745 312 mu·

144 331 237 370 tatio
258 330 300 368 in
316 329 616 368 narrationibus.
649 330 743 382 614.

854 218 1030 272 Gorgiae
1047 227 1087 259 et
1095 217 1338 273 Thucydidis
1357 227 1454 260 tem-

854 276 1014 328 poribus
1041 274 1129 316 fuit.
1156 279 1249 332 956.
1273 287 1333 318 12.
1383 279 1455 328 Ly·

1301 341 1451 384 479·2·

853 330 929 370 fiae
950 343 1064 371 mors.

143 398 238 438 pen.
267 385 355 424 loco
376 386 503 436 priora
522 399 571 424 an
592 383 744 447 semper
797 386 921 442 Lysias
942 399 1043 438 quae
1066 384 1261 437 scripserit.
1280 399 1374 441 453.
1388 397 1453 429 11.

137 439 218 481 effe
244 440 415 480 debeant
433 471 443 490 ,
481 453 582 494 quae
613 454 744 493 priora

140 495 228 536 sunt
245 507 433 548 tempore.
622 500 686 550 36.
700 508 737 549 ς.

85 551 250 594 Locutio
287 550 503 593 sententiae
528 551 646 592 debet
671 553 742 592 ob-

138 605 267 660 sequi,
309 621 392 647 non
424 606 616 648 sententia
637 609 741 648 locu-

142 664 257 704 tioni.
279 673 417 718 5592.
445 661 534 707 Vise
551 665 738 723 etElocu·

141 721 209 769 ti0,
230 721 372 759 Diclio.

83 775 245 829 Longae
274 773 440 828 syllabae
466 786 577 827 quae.
606 779 671 827 85.
696 785 736 827 9.

139 832 337 884 quomodo
363 833 465 872 inter
483 828 522 869 se
541 828 736 871 differant.

430 893 491 938 35.
504 899 595 936 pen.
618 893 680 936 88.
695 898 734 928 2.

80 943 310 995 Loquacitas
337 942 465 982 inanis
484 952 524 982 et
542 942 736 995 intempe-

137 998 242 1039 stiua.
554 1004 648 1051 388·
664 1010 681 1041 1
693 1010 725 1040 Ι.

80 1055 228 1094 Lucani
247 1052 454 1107 ignobiles.
538 1065 654 1107 1005.
668 1054 731 1094 vlt.

79 1111 216 1153 Lucius
233 1110 410 1151 Patrocli.
430 1112 522 1162 361.
545 1121 580 1151 1.
608 1110 731 1149 luctus

130 1164 310 1218 publicus
347 1166 389 1203 in
425 1178 567 1216 magna
605 1166 727 1204 clade.

132 1229 274 1275 8532.
298 1221 417 1260 luftus
438 1231 574 1260 ventre
594 1221 730 1274 peragi

134 1277 284 1327 nequit.
526 1289 618 1329 371.
634 1290 725 1328 pen.

77 1333 240 1374 Ludicra
255 1329 403 1383 scripta,
429 1328 493 1371 seu
514 1330 647 1384 scripta
658 1345 729 1385 per

130 1386 253 1427 lusum
274 1398 470 1427 contexta.
556 1400 728 1440 459.10.

74 1443 176 1496 Ludi
206 1442 382 1483 solennes
403 1445 444 1483 in
469 1456 585 1496 quem
608 1443 729 1483 finem

127 1499 300 1539 instituti.
322 1511 413 1553 5²0·
433 1512 471 1552 9.
504 1499 585 1538 ludi
605 1501 645 1538 in
666 1513 730 1552 pa-

130 1557 324 1609 negyricis
359 1555 595 1594 orationibus
624 1555 728 1596 vnde

130 1621 171 1651 et
183 1610 383 1663 quomodo
394 1610 614 1653 laudentur.
632 1617 727 1658 228.

130 1680 223 1719 pen.
241 1664 324 1707 ludi
344 1666 556 1718 comparari
574 1667 679 1705 inter
689 1663 727 1707 se

126 1733 168 1762 vt
186 1721 336 1774 possunt.
421 1732 561 1774 2293.
582 1733 725 1775 275.4.

73 1781 258 1831 Lyceum,
270 1775 396 1816 schola
405 1776 552 1818 Athen.
563 1784 680 1832 728.1
692 1789 726 1820 1.

73 1831 725 1887 Lyciscus,archonAthen.648.vlt.

421 1881 513 1940 855.
526 1900 562 1940 5.
581 1899 674 1950 737.
685 1898 724 1949 9.

74 1941 252 1985 aduersus
271 1943 495 1999 Lycurgum
516 1954 636 1982 oratio
655 1947 726 1984 Di-

132 1999 272 2039 narchi.
555 2001 606 2052 65
616 2011 647 2040 1.
661 1998 723 2038 vlt.

73 2056 267 2110 Lydorum
294 2055 500 2106 imperium
530 2053 578 2092 ab
604 2057 724 2094 Hero-

129 2112 222 2151 doto
239 2108 481 2161 descriptum.
502 2121 597 2163 773.
622 2122 680 2151 12.
700 2121 723 2148 a

127 2167 324 2221 Lydorum
345 2167 508 2218 imperio
529 2166 722 2205 historiam

129 2220 234 2261 suam
253 2220 464 2274 auspicatus
484 2220 722 2261 Herodotus.

133 2284 226 2326 820·
251 2289 311 2319 12.
349 2278 462 2331 Lydii
482 2276 590 2317 modi
609 2278 648 2316 in
669 2275 721 2315 di-

129 2332 353 2385 thyrambis,
554 2345 601 2387 13
610 2346 642 2376 1.
655 2333 719 2372 vlt.

73 2389 216 2443 Lyrici.
250 2385 338 2427 Vise
355 2387 497 2428 Melici.

72 2445 209 2497 Lysia3‚
238 2443 403 2496 Cephali
422 2443 535 2491 filius,
559 2455 611 2483 or.
631 2442 722 2484 Ath.

19 2503 24 2509 '
125 2504 222 2553 762.
245 2504 305 2542 16.
340 2499 477 2550 quibus
497 2500 723 2550 parentibus

130 2565 253 2601 natus,
282 2555 344 2593 vbi
366 2554 560 2602 educatus,
589 2566 628 2593 et
647 2568 722 2606 qua

127 2612 232 2652 vitae
261 2608 419 2651 fortuna
448 2607 542 2651 rsus.
570 2622 720 2665 4521.

852 443 1052 482 orationes
1101 442 1303 482 iudiciales
1355 451 1454 494 quot

848 496 1046 550 scripserit,
1081 508 1121 537 et
1142 499 1268 550 qualia
1291 496 1454 551 singulis

851 553 1013 594 exordia
1035 552 1281 603 praemiserit.
1299 565 1391 606 491.
1409 555 1450 597 6.

849 611 894 651 in
926 622 1003 662 quo
1022 609 1180 648 dicendi
1199 621 1348 662 genere
1371 609 1454 648 vel-

847 678 891 707 ut
918 666 1120 718 exemplar
1150 675 1192 704 et
1213 677 1347 705 norma
1366 675 1453 704 cae·

849 724 939 763 teris
950 720 1136 775 praeferri
1149 720 1355 760 oratoribus
1367 718 1451 772 pos·

846 777 900 818 sit.
925 782 1018 827 628.
1045 788 1083 831 7.
1133 789 1253 828 quare
1276 786 1450 816 caeteros

848 844 1019 874 oratores
1032 845 1167 875 omnes
1179 829 1341 884 superet.
1349 833 1446 884 476.

843 904 884 943 4.
925 889 1065 941 quibus
1089 889 1130 927 in
1150 887 1265 929 rebus
1282 884 1448 927 Isocrate

842 943 1028 998 superior,
1038 943 1294 994 inferior,par.
1310 945 1445 996 5561.

842 1001 886 1041 in
914 1000 1119 1040 verborum
1147 998 1342 1039 electione
1363 1000 1447 1054 Hy-

842 1056 981 1109 peride
1012 1053 1188 1108 superior
1199 1067 1210 1102 ;
1243 1053 1285 1094 in
1312 1065 1444 1094 rerum

845 1113 1071 1154 trassatione
1089 1109 1260 1151 inferior.
1275 1112 1368 1163 641.
1380 1120 1444 1151 10.

841 1178 962 1209 tenue
981 1178 1021 1207 et
1038 1167 1197 1218 simplex
1208 1164 1366 1214 dicendi
1376 1176 1445 1218 ge-

841 1237 914 1263 nus
940 1221 1231 1262 consummauit.
1259 1225 1355 1274 956.
1377 1231 1441 1262 11.

839 1281 880 1320 in
919 1278 1220 1319 demonstr-atino
1255 1287 1296 1315 et
1324 1287 1444 1329 pane·

841 1337 976 1389 gyrico
998 1333 1156 1374 dicendi
1177 1344 1329 1388 genere
1348 1343 1443 1383 qua-

837 1393 885 1432 lis
905 1390 1035 1431 fuerit.
1058 1396 1151 1442 518.
1167 1401 1261 1441 pen.
1301 1387 1345 1428 in
1362 1385 1444 1426 sua·

840 1444 940 1487 sorio
979 1445 1138 1486 dicendi
1172 1455 1324 1496 genere
1351 1455 1442 1493 qua·

840 1503 899 1542 lis.
924 1514 1016 1555 525.
1039 1514 1100 1544 10.
1151 1502 1192 1540 in
1212 1498 1379 1541 exordiis
1397 1506 1440 1538 et

839 1557 1124 1598 narrationibus
1136 1555 1345 1609 singularis.
1355 1566 1437 1607 491.

839 1626 876 1666 5.
895 1627 987 1667 492.
1012 1620 1049 1663 8.
1084 1626 1106 1651 a
1125 1611 1288 1652 Platone
1306 1620 1440 1661 repre·

833 1668 988 1710 hensus.
1010 1675 1104 1722 381.
1124 1678 1184 1709 11.
1202 1679 1298 1720 755.
1320 1668 1434 1708 6.12-

836 1724 967 1779 Lyfiae
979 1722 1185 1762 character.
1195 1733 1328 1781 4543.
1341 1732 1393 1773 43
1402 1733 1416 1761 1
1426 1750 1435 1758 .

839 1792 876 1833 ς.
895 1786 991 1833 983.
1014 1787 1049 1829 8.
1069 1790 1162 1831 994.
1183 1787 1220 1829 ς.
1249 1774 1434 1830 Lysianae

838 1837 1070 1875 elocutionis
1083 1832 1430 1885 char36ler.641.7.

834 1893 930 1943 642.
950 1890 1013 1929 vlt.
1050 1887 1235 1941 Lysianae
1256 1887 1434 1927 difflonis

832 1945 1025 1985 chara6ler
1076 1943 1297 1983 certiffimus
1350 1942 1431 1992 qui.

830 2005 923 2054 476.
960 2013 1019 2042 ιο.
1061 2005 1156 2050 481.
1181 2010 1242 2040 11.
1296 1997 1432 2050 Lysiae

833 2057 1026 2096 charactet-
1064 2056 1103 2093 in
1136 2068 1264 2094 rerum
1297 2052 1433 2093 tracta-

836 2114 946 2151 tione
966 2111 1045 2162 qui.
1067 2118 1162 2162 485,
1183 2123 1274 2162 pen.
1307 2107 1431 2161 Lyfia·

833 2180 910 2208 nae
941 2178 980 2206 et
1011 2163 1220 2206 Isocrateae
1245 2165 1428 2205 dielionis

819 2223 1078 2275 comparatio.
1099 2235 1190 2276 541.
1210 2233 1250 2273 4.
1290 2221 1338 2260 ad
1358 2223 1429 2272 Ly-

828 2278 917 2318 fiam
938 2278 1117 2330 proxime
1134 2275 1429 2317 acceffitlsocra-

830 2345 898 2374 tes.
918 2337 1012 2385 460.
1030 2345 1068 2386 7.
1089 2333 1218 2387 Lyfiae
1232 2343 1273 2371 et
1292 2329 1429 2371 isocra-

831 2401 879 2430 tis
907 2400 1100 2428 orationes
1121 2398 1290 2427 veritatis
1310 2397 1350 2425 et
1371 2399 1428 2425 iu-

834 2445 957 2487 stitiae
1006 2444 1236 2493 opinionem
1268 2440 1424 2481 habent.

834 2499 926 2555 5'92.
950 2511 987 2552 9.
1009 2503 1100 2551 604.
1119 2511 1158 2550 7.
1204 2497 1352 2550 Lyfiani
1373 2507 1427 2536 at-

831 2570 910 2609 que
928 2554 1069 2597 lsaeani
1088 2554 1311 2593 charafileris
1329 2550 1426 2591 simi·

832 2611 966 2660 litatio,
994 2622 1032 2650 et
1053 2607 1296 2652 discernendi
1315 2610 1423 2647 ratio.

889 2669 986 2710 Ccc
1014 2678 1038 2721 3
1332 2670 1424 2718 588.
