1751 3154
816 109 1199 151 1NDEx

384 220 475 261 εἱσι.
502 231 598 274 495.
627 231 663 274 ς.
728 218 983 259 humanarum

385 277 577 316 actionum
598 272 797 327 inspeilor.
812 280 905 328 665.
922 289 982 329 14.

387 332 571 372 omnibus
608 333 822 372 actionibus
850 331 984 379 adest3

386 390 430 429 in
450 390 580 442 primis
603 402 693 428 vero
711 388 831 428 bellis.
865 392 982 441 1506.

386 448 451 488 16.
496 444 676 484 honorari
702 444 830 485 et-coli
848 445 894 483 ab
915 444 982 483 ho-

382 500 555 540 minibus
585 500 741 554 gaudet.
796 503 912 553 1639.
943 513 980 554 9.

384 557 583 597 bonorum
605 557 715 596 dator
732 567 770 596 et
790 556 910 596 custos
928 555 981 595 est

385 612 622 653 hominibus.
645 617 840 667 36g.pen.
865 613 982 651 culto-

382 669 488 709 ribus
510 667 580 709 suis
597 671 723 721 ampla
740 668 983 721 redditprae-

383 726 471 766 mia.
495 737 612 777 1049.
631 738 692 767 11.
713 726 879 765 cultores
899 723 981 764 suos

382 782 426 821 in
459 782 641 833 periculis
669 782 870 820 immeritis
898 794 982 819 non

383 834 535 878 deserit.
551 844 643 889 381.
668 849 727 889 13.
764 837 879 876 bonis
898 849 984 888 pro-

382 895 528 946 pitius,
579 892 766 943 improbis
793 889 979 931 infensus.

382 955 474 1002 381.
508 959 568 1000 14.
628 949 802 986 clemens
827 947 901 994 est,
942 958 981 986 et

380 1004 615 1056 supplicibus
657 1003 834 1056 benigne
870 1004 982 1056 igno-

379 1058 456 1099 scit.
499 1062 617 1112 1624.
647 1065 681 1107 8.
710 1071 748 1113 9.
804 1058 981 1098 fauorem

381 1114 488 1156 suum
507 1115 757 1154 euidentibus
768 1116 981 1155 documen-

381 1173 428 1211 tis
450 1171 629 1210 ostendit.
656 1183 770 1225 1340.
790 1187 828 1223 4.
846 1170 979 1211 foede·

379 1242 465 1268 rum
499 1226 601 1266 testis
628 1240 672 1266 ac
693 1224 854 1279 sponsor
872 1227 981 1267 adhi-

377 1283 503 1323 betur.
540 1296 656 1337 1405.
676 1297 712 1336 3.
766 1283 871 1323 iustis
898 1293 978 1322 tan-

378 1351 460 1379 tum
485 1349 524 1378 et
542 1339 713 1378 honestis
734 1340 852 1392 pactis
873 1339 979 1378 adhi-

378 1397 464 1436 beri
486 1397 576 1438 vult.
597 1401 716 1448 2184.
743 1409 801 1449 14.
839 1394 978 1435 iniusto

378 1453 485 1491 bello
506 1451 662 1500 inuafis,
702 1452 867 1491 coelitus
887 1463 977 1490 con·

380 1518 436 1547 tra
447 1507 628 1547 barbaros
641 1520 757 1559 opem
767 1507 850 1547 fert.
860 1519 905 1559 13
916 1518 976 1558 19.

377 1571 414 1614 8.
450 1577 602 1618 gnauos
625 1565 747 1614 iuuat,
767 1577 849 1603 non
868 1566 977 1616 igna-

375 1632 455 1659 vos.
806 1631 921 1670 1050.
934 1621 972 1662 6.

376 1676 454 1716 Dei
468 1673 713 1726 prouidentia
725 1687 826 1715 caras
836 1674 904 1714 fibi
916 1688 974 1713 vr·

374 1731 444 1771 bes
464 1742 502 1769 et
519 1730 696 1769 homines
717 1742 855 1769 tuetur.
872 1742 967 1783 971.

378 1799 441 1839 13.
462 1785 612 1825 nefaria
630 1785 837 1826 hominum
855 1784 971 1825 confi-

377 1843 431 1882 lia
451 1842 608 1895 detegit.
635 1854 756 1895 2007.
779 1850 813 1891 8.
840 1854 900 1883 10.
949 1855 971 1880 a

375 1899 454 1938 Dei
492 1897 745 1949 prouidentia
769 1897 971 1950 dependet

375 1955 502 1993 omnis
551 1952 753 1992 hominum
801 1953 967 1995 fortuna.

371 2023 469 2064 415.
483 2010 517 2050 6.
543 2010 623 2048 Dei
643 2008 763 2056 fauor,
787 2009 968 2049 omnibus

369 2065 519 2106 auxiliis
543 2066 682 2115 potior.
705 2069 819 2118 1560.
831 2070 867 2108 6.
890 2065 968 2104 Dei

372 2120 485 2160 fauor
523 2117 706 2160 secundat
743 2134 877 2161 omnes
904 2121 971 2159 ho·

373 2178 526 2216 minum
545 2189 614 2215 res.
638 2188 731 2229 272.
749 2190 786 2229 4.
823 2176 899 2217 Dei
918 2175 970 2215 fa-

370 2245 505 2272 vorem
541 2230 656 2270 nobis
691 2234 874 2272 conciliat
904 2232 970 2284 pia

374 2299 507 2327 rerum
540 2287 741 2339 aggi-estio.
778 2301 870 2341 390.
906 2299 967 2328 11.

373 2344 453 2383 Dei
475 2344 656 2381 auxilium
677 2344 771 2382 votis
785 2372 794 2390 ,
834 2341 968 2380 sacrifi-

375 2401 443 2438 ciis
480 2408 519 2438 et
558 2396 733 2449 precibus
757 2399 967 2449 implorant

374 2454 599 2508 pugnaturi.
798 2457 913 2506 1765.
927 2460 964 2502 8.

375 2511 426 2549 de
435 2514 524 2551 Deo
537 2505 716 2562 religiose
724 2508 967 2560 loquendum

374 2578 414 2605 et
432 2563 688 2605 sentiendum.
701 2577 860 2618 273.12.
874 2576 966 2617 277.

377 2633 443 2668 11.
475 2624 593 2676 1639.
613 2622 677 2662 vlt.
723 2634 746 2661 a
762 2621 841 2662 Dei
860 2622 969 2661 cultu

1092 216 1322 275 auspicanda
1368 233 1494 262 rerum
1531 219 1692 262 admini-

1092 276 1234 316 stratio.
1253 288 1345 331 272.
1366 291 1457 329 pen.
1485 278 1523 319 in
1535 278 1610 318 Dei
1628 290 1690 316 vo-

1094 334 1247 372 luntate
1258 331 1514 385 acquiescere.
1532 340 1688 387 14189.

1093 393 1183 431 Deo
1222 390 1380 428 iuuante
1420 402 1501 428 rem
1537 401 1690 442 gerere.

1095 448 1259 498 1526-7.
1278 449 1366 487 Deo
1385 445 1591 484 adimenda
1608 458 1690 484 uon

1091 500 1207 551 sunt,
1251 513 1350 553 quae
1386 502 1449 541 lex
1481 503 1517 541 ei
1547 499 1688 539 tribuit.

1093 569 1264 610 2130.7.
1288 557 1368 599 Dei
1388 567 1604 597 contemtus
1625 569 1691 608 pu·

1089 615 1200 653 nitus.
1229 621 1315 666 178.
1342 625 1403 668 13.
1422 614 1497 654 Dei
1516 623 1690 652 contem-

1093 681 1154 709 tus
1203 670 1348 714 morbis
1397 669 1601 720 epidemiis
1649 678 1689 707 et

1092 726 1175 765 aliis
1212 725 1488 766 calamitatibus
1524 723 1691 764 vindica·

1094 792 1165 820 tur.
1197 791 1287 834 518.
1313 795 1373 824 10.
1433 781 1513 824 Dei
1539 780 1689 820 monita

1093 839 1303 891 negligens
1325 867 1335 884 ,
1376 839 1550 891 grauiter
1578 837 1691 888 puni·

1090 904 1160 933 tur.
1186 906 1300 946 1477.
1314 907 1349 946 3.
1372 905 1411 932 et
1421 907 1513 946 pen.
1522 899 1688 947 ‚1478.3.

1053 991 1061 994 s
1091 951 1167 990 Dei
1187 961 1226 988 et
1249 951 1450 1003 religionis
1470 959 1688 989 contemtus

1092 1003 1265 1045 inolescit
1283 1019 1429 1059 magno
1448 1007 1546 1058 reip.
1571 1005 1687 1044 malo.

1088 1073 1181 1115 249.
1205 1069 1240 1111 8.
1276 1064 1353 1101 Dei
1373 1063 1427 1102 ira.
1447 1060 1689 1113 summopere

1091 1118 1276 1157 cauenda.
1310 1121 1426 1170 1629.
1451 1125 1486 1167 8.
1535 1117 1615 1158 Dei
1630 1117 1688 1155 ira

1091 1175 1280 1226 portentis
1297 1173 1539 1228 significatur.
1568 1184 1685 1226 1730.

1090 1242 1154 1272 11.
1193 1230 1269 1270 Dei
1288 1230 1343 1268 ira
1361 1231 1618 1269 immittuntur
1635 1226 1688 1267 su·

1091 1285 1196 1324 bitae
1232 1296 1372 1325 mortes
1406 1296 1447 1324 et
1472 1283 1687 1323 consimiles

1083 1354 1253 1394 poenae.
1488 1352 1582 1393 415.
1597 1342 1632 1381 6.
1648 1346 1686 1388 8.

1089 1398 1160 1439 Dii
1188 1411 1274 1437 cum
1295 1396 1501 1436 humanam
1522 1395 1688 1449 figuram

1089 1453 1270 1499 induunt,
1295 1452 1418 1492 forma
1437 1464 1475 1492 et
1491 1451 1632 1491 statura
1648 1448 1687 1490 se

1088 1509 1285 1549 exhibent
1313 1510 1439 1562 longe
1455 1507 1686 1561 augustiore.

1091 1569 1209 1609 1066.
1241 1577 1303 1616 13.
1355 1567 1439 1605 Diis
1467 1561 1686 1604 consecrata

1085 1622 1172 1660 loca
1216 1620 1502 1660 conuenientia.
1552 1631 1617 1673 95.
1646 1632 1683 1672 ς.

1084 1677 1170 1717 Diis
1208 1676 1378 1716 humana
1414 1675 1589 1717 facinora
1631 1688 1684 1713 an

1081 1732 1297 1772 tribuenda.
1322 1734 1409 1786 196.
1432 1744 1470 1784 9.
1506 1736 1684 1774 Deorum

1084 1788 1346 1828 contubernio
1366 1786 1544 1840 adscripti
1565 1785 1684 1827 semo-

1079 1857 1166 1887 nes,
1204 1857 1320 1897 1494.
1342 1855 1382 1897 7.
1436 1845 1477 1882 in
1508 1846 1683 1883 Deorum

1083 1913 1295 1940 numerum
1316 1913 1390 1951 qua
1411 1899 1462 1939 de
1482 1897 1604 1940 cauffa
1624 1910 1682 1937 re-

1080 1957 1150 1996 lati
1170 1955 1535 1994 hominesillustres.
1547 1957 1680 2008 3565.

1077 2014 1145 2055 Dii
1167 2011 1390 2051 vetustiores
1410 2013 1552 2062 pariter
1569 2021 1611 2049 et
1626 2022 1683 2048 re·

1082 2070 1279 2107 centiores
1322 2068 1367 2105 in
1403 2067 1543 2105 votiuis
1578 2065 1681 2104 ludis

1081 2122 1392 2162 traducebantur.
1440 2133 1567 2174 1493.
1615 2131 1678 2162 12.

1081 2182 1257 2219 Deorum
1285 2177 1479 2216 simulacra
1503 2178 1544 2215 in
1567 2189 1681 2228 pom·

1078 2235 1138 2286 pis
1170 2232 1469 2272 traducebantur
1506 2245 1593 2271 cum
1620 2233 1683 2271 in·

1083 2290 1207 2329 ventis
1226 2287 1296 2327 suis
1310 2299 1348 2326 et
1360 2289 1676 2342 elogiis-1493.8-

1079 2347 1254 2385 Deorum
1282 2343 1389 2396 iigna
1417 2346 1457 2383 in
1487 2342 1599 2383 sacris
1626 2344 1678 2382 le·

1076 2399 1301 2453 gationibus
1335 2399 1521 2451 praeferri
1558 2396 1677 2438 solita.

1082 2467 1201 2508 1593.
1223 2470 1261 2497 2.
1312 2457 1377 2494 Dii
1404 2455 1597 2495 benorum
1617 2455 1677 2493 in-

1077 2508 1279 2562 speciores,
1300 2515 1419 2563 2326.
1434 2523 1472 2562 3.
1496 2514 1675 2551 Deorum

1076 2580 1308 2621 magnorum
1343 2567 1538 2606 simulacra
1564 2576 1604 2605 et
1625 2562 1675 2603 sa-

1078 2636 1152 2663 cra.
1187 2636 1277 2677 175.
1306 2636 1343 2678 5.
1396 2625 1570 2665 Deorum
1597 2634 1674 2659 ma-

1503 2688 1676 2730 gnorum
