1751 3154
287 109 371 164 9²6
584 105 883 146 moNstt
915 104 1377 149 HALICARNAss.
1425 80 1427 82 ¹

290 221 358 276 λίς
382 227 447 277 τἐ,
480 217 552 282 καὶ
576 217 820 286 χξημσίτων
841 219 1100 286 κξείσσωνέ(
1156 231 1191 253 m
1213 217 1598 290 Soevphoeffssv‘yolg,
1621 226 1658 273 εἶ

290 297 534 364 Πεξικλῆς,
576 295 595 343 ὁ
619 292 805 361 μέγιςος
827 296 908 343 τῶν
934 293 1034 342 τότε
1059 292 1262 365 ῥητόρων,
1300 296 1437 361 ἠγνόει
1462 298 1596 355 τέτο,
1634 295 1656 347 ὂ

289 368 440 440 μηδεὶς
471 368 524 419 οἲν
561 372 643 419 τῶν
677 369 861 432 ἐχόντων
893 367 1060 436 μὲτξιον
1084 370 1150 419 νέν
1177 369 1409 434 ἠγνόησεν,
1460 374 1523 421 ὅτι
1543 393 1657 422 ποιν-

287 448 416 517 τοιχῇ
442 446 516 513 μὲν
552 448 588 494 οἱ
619 445 682 509 μή
718 446 1063 510 τεταμιευμένως
1099 446 1344 501 ὲπαινέντες
1372 446 1453 500 τοὶς
1490 448 1656 497 ἑαυτῶν

289 521 476 592 αἶξετοὶς,
523 520 752 582 ἐπαχθεῖς
785 527 875 574 τοῖς
908 520 1074 570 ainzim-c
1111 522 1347 586 φαίνονται·
1397 522 1585 586 facilus-x
1610 519 1655 574 δ’

289 603 328 650 ἐν
359 605 446 652 τοῖς
480 595 591 665 πξός
627 592 688 646 τοὶ
717 592 961 662 &naviga
995 594 1068 655 noo}
1091 595 1173 651 τοὶς
1197 598 1437 652 ἐκκλησίας
1466 600 1652 663 α”γῶσ-ιν·

288 678 327 725 ἐν
359 676 415 727 οἷς
447 693 505 737 γε
536 668 592 726 δή
622 669 685 734 μή
708 671 808 739 weg}
835 671 965 734 τιμῶν
988 674 1139 726 αὐτοῖς
1164 675 1273 729 ›is-w,
1320 672 1455 723 ἀλλαῖ
1475 675 1573 741 weg}
1595 696 1655 723 τι-

285 749 469 818 μωξιῶν,
500 746 519 795 ὁ
545 743 747 801 κίνδυνος.
825 745 926 795 τότε
949 746 1045 815 ‘yde
1075 749 1132 796 ἐκ
1154 749 1387 809 ἐπαχθεῖς
1405 747 1528 815 μᾶνιν
1552 749 1655 798 εἰσὶν

288 877 449 919 amanda
475 876 620 928 patria,
658 874 721 913 vel
752 874 792 912 in
814 875 977 926 pecunia
997 877 1332 916 contemnenda‘n
1391 878 1538 920 Mirum
1557 877 1656 918 mihi

287 933 377 975 sane
396 933 591 979 videatur,
618 930 828 978 Periclem,
856 931 1054 979 omnium,
1084 933 1150 983 qui
1170 944 1261 971 tunc
1282 930 1425 980 efflent,
1456 946 1654 974 oratorum

285 992 518 1036 maximum,
558 984 770 1041 ignoraffe‚
803 987 906 1038 quod
935 987 1197 1027 mediocribus
1225 991 1339 1028 etiam
1367 992 1542 1043 ingeniis
1568 988 1654 1030 satis

287 1047 341 1086 est
371 1046 636 1097 explora1um3
667 1056 820 1089 eorum,
853 1044 918 1094 qui
946 1041 984 1081 se
1002 1046 1338 1094 praetermodum
1361 1047 1540 1093 laudant,
1573 1060 1655 1088 ora,-

285 1105 434 1143 tionem
465 1100 703 1140 auditoribus
733 1097 809 1138 effe
837 1100 1132 1149 permolestam:
1161 1101 1282 1152 idque
1315 1103 1355 1139 in
1383 1103 1458 1139 illis
1488 1100 1655 1153 praeser-

285 1161 354 1198 tim
382 1156 657 1202 concionibus,
687 1168 789 1207 quae
815 1155 874 1193 vel
901 1155 941 1193 in
974 1155 1149 1201 iudiciis,
1178 1158 1241 1195 vel
1268 1157 1317 1196 ad
1345 1159 1557 1209 populum,
1590 1159 1654 1198 ha-

284 1215 448 1261 bentur3
481 1215 521 1251 in
553 1212 694 1263 quibus
714 1224 797 1250 non
819 1210 869 1249 de
890 1212 1092 1262 praemiis,
1125 1211 1189 1251 sed
1213 1214 1262 1252 de
1281 1215 1442 1264 poenis,
1478 1213 1534 1252 est
1552 1215 1652 1264 peri-

284 1273 427 1311 culum.
466 1282 546 1310 tum
575 1269 683 1308 enim
709 1281 793 1306 non
820 1265 944 1306 solum
973 1268 1056 1307 aliis
1085 1268 1318 1318 molestiam,
1352 1281 1483 1308 verum
1515 1270 1647 1318 etiam,

331 1414 366 1441 m
397 1394 574 1443 Θαυμαςδν
591 1395 672 1442 γάρ,
706 1402 734 1433 εἰ
753 1395 931 1445 Περικλῆς]

279 1459 426 1497 Mirum
456 1453 551 1492 mihi
582 1453 753 1500 videtur,
802 1452 931 1502 inquit

277 1511 495 1564 Dionysius,
519 1509 718 1554 Periclem,
740 1509 929 1553 omnium,

278 1571 344 1622 qui
356 1581 446 1608 tunc
459 1563 593 1612 effent,
606 1574 802 1602 oratorum
814 1564 932 1602 maxi-

274 1639 394 1673 mum,
425 1618 630 1677 ignor-affe,
651 1620 754 1671 quod
776 1619 930 1658 medio-

274 1681 402 1721 cribus
441 1681 559 1718 etiarn
587 1677 762 1729 ingeniis
787 1675 841 1714 est
865 1689 930 1715 ex-

274 1740 482 1789 ploratum,
517 1746 665 1778 eorum,
686 1734 749 1784 qui
769 1728 807 1770 se
826 1744 932 1781 prae-

276 1806 336 1833 ter
356 1792 518 1832 modum
540 1789 714 1836 laudant,
736 1788 931 1828 orationes

274 1848 517 1889 auditoribus
552 1843 630 1884 effe
661 1844 930 1896 pei-molestas:

273 1906 394 1958 idque
420 1906 472 1956 in.¹
492 1902 566 1942 illis
590 1898 813 1953 praesertim
834 1913 928 1940 con·

274 1961 466 2008 donibus,
496 1970 596 2010 quae
619 1958 682 1996 vel
702 1956 924 2006 injudicio,

273 2020 334 2057 vel
353 2019 399 2056 ad
421 2016 620 2069 populum,
647 2012 851 2061 habentur,
884 2014 926 2052 in

273 2073 414 2126 quibus
443 2085 526 2111 non
560 2069 610 2108 de
638 2070 828 2121 praemiis,
860 2065 925 2107 sed

273 2132 325 2169 de
346 2129 495 2180 poenis,
516 2125 569 2166 est
588 2126 814 2177 periculum.
836 2135 929 2163 tune

271 2186 379 2225 enirn
418 2197 501 2223 non
533 2181 659 2221 solum
689 2183 773 2220 aliis
807 2182 928 2220 mole-

268 2242 389 2285 stiam,
408 2252 543 2278 verum
567 2249 605 2276 et
624 2237 703 2286 fibi,
726 2237 819 2277 dum
831 2238 925 2275 rnul-

268 2297 446 2336 titudinis
480 2293 669 2333 inuidiam
708 2294 918 2340 concitant,

266 2352 529 2394 infortunium
578 2350 748 2400 pariunt.
819 2350 921 2386 Nam

265 2410 332 2461 qui
353 2405 509 2447 eosdem
530 2416 569 2443 et
589 2404 737 2442 iudices
756 2402 920 2441 habetet

263 2461 507 2506 accusat01·e8‚
526 2462 566 2499 in
587 2460 660 2498 hoc
680 2457 775 2510 ipso,
801 2469 918 2496 vteos

263 2522 310 2561 ad
331 2517 572 2563 audiendum
595 2515 814 2554 beneuolos
834 2513 919 2552 red-

262 2579 338 2625 dat,
359 2575 521 2615 infinitis
547 2573 723 2624 lacrymis
743 2582 838 2620 opus
851 2569 916 2607 ha-

260 2632 330 2673 bet
359 2644 431 2673 etc.
491 2630 592 2672 Huic
612 2627 823 2669 obieffioni
843 2623 915 2666 suf-

1555 1325 1650 1366 dum

990 1392 1172 1444 ficei-ent,
1204 1409 1306 1449 quae
1331 1397 1449 1436 modo
1476 1399 1515 1436 in
1539 1410 1651 1437 exor-

990 1451 1054 1489 dio
1083 1452 1197 1491 huius
1220 1455 1406 1492 orationis
1425 1464 1561 1493 contra
1580 1455 1651 1493 ali-

988 1520 1049 1545 am
1070 1506 1241 1548 eiusdem
1268 1509 1530 1549 obieetionem
1554 1509 1647 1548 dixi.

988 1560 1055 1607 sed
1077 1575 1217 1613 tamen,
1251 1575 1291 1603 vt
1309 1577 1504 1617 appareat,
1527 1566 1648 1605 etiam

987 1619 1029 1657 in
1053 1621 1187 1671 capitis
1205 1623 1384 1673 periculo
1398 1622 1646 1661 laudationes

985 1675 1197 1726 aliquando
1240 1688 1364 1730 gratas
1393 1676 1492 1724 effe,
1539 1677 1644 1717 aliud

988 1731 1207 1782 perillustre
1226 1734 1452 1784 exemplum
1477 1747 1525 1772 ex
1549 1734 1584 1774 T.
1600 1734 1642 1772 L.

985 1786 1052 1825 lib.
1080 1795 1144 1840 38.
1169 1788 1219 1827 de
1237 1790 1421 1840 Scipione
1440 1788 1642 1834 Africano,

989 1844 1186 1884 domitore
1207 1845 1415 1884 Annibalis
1437 1844 1645 1885 etCartha-

988 1900 1106 1952 ginis,
1134 1902 1174 1938 in
1196 1900 1384 1939 iudicium
1407 1911 1553 1949 vocato,
1576 1900 1643 1939 hic

983 1969 1200 2007 apponam:
1221 1954 1337 1995 Iufl'us
1350 1957 1490 2002 dicere,
1504 1957 1642 2008 inquit,

987 2009 1171 2060 cauffam,
1211 2012 1294 2052 fine
1330 2013 1403 2051 vlla
1431 2013 1640 2051 criminum

983 2069 1192 2108 mentione
1211 2099 1221 2115 ,
1268 2070 1486 2107 orationem
1535 2067 1637 2105 adeo

986 2121 1234 2177 magnificam
1280 2120 1481 2163 dei-ebus
1521 2123 1567 2160 ab
1597 2119 1636 2162 se

984 2181 1101 2232 gestis
1123 2176 1278 2218 exorsus
1297 2178 1361 2224 est,
1383 2189 1422 2217 vt
1445 2175 1530 2217 satis
1547 2190 1636 2218 con·

981 2238 1113 2281 staret,
1143 2236 1343 2273 neminem
1374 2247 1544 2285 vnquam
1567 2246 1637 2273 ne·

981 2304 1059 2340 que
1076 2291 1226 2337 melius,
1252 2303 1384 2341 neque
1397 2291 1533 2338 verius,
1557 2290 1634 2329 lau·

980 2346 1109 2384 datum
1138 2343 1233 2392 εἰῇ-3,·
1263 2345 1496 2384 dicebantur
1523 2347 1635 2387 enim

977 2401 1025 2439 ab
1057 2402 1200 2440 eodem
1223 2403 1355 2440 animo
1374 2402 1632 2454 ingenioque,

978 2470 999 2494 a
1028 2470 1105 2506 quo
1135 2456 1241 2509 gesta
1263 2467 1393 2504 crant3
1422 2468 1461 2495 et
1479 2459 1631 2497 aurium

976 2511 1169 2551 fastidium
1190 2513 1341 2561 aberat,
1375 2514 1465 2566 quia
1484 2526 1552 2566 pro
1566 2518 1632 2564 p'e-

974 2568 1107 2616 riculo,
1131 2582 1212 2607 non
1234 2571 1273 2607 in
1289 2571 1466 2623 gloriam,
1489 2567 1631 2608 refere-

973 2623 1122 2664 bantur.
1151 2627 1319 2666 Aeacius.

1502 2692 1530 2720 n
1558 2677 1626 2720 Di-
