1751 3154
557 136 967 180 RERVM.

146 249 264 304 15'03.
284 261 321 303 4.
340 261 362 288 a
378 244 495 288 Tullo
507 249 627 298 Attio,
648 248 739 288 Vol-

142 304 225 346 scae
263 305 390 358 gentis
426 306 604 357 principe
643 306 736 351 viro,

142 361 318 414 benigne
345 362 554 413 excipitur,
591 373 630 400 et
656 361 736 400 reb.

141 417 325 471 gerendis
362 415 484 456 socius
513 415 734 456 adsciscitur.

143 477 259 524 1506.
283 486 316 516 1.
360 474 403 512 in
421 471 644 514 Volscorum
675 485 735 510 co-

136 530 256 569 mitiis
301 542 402 581 quae
437 530 551 569 verba
586 528 732 568 fecerit.

143 596 263 637 1512.
288 598 348 638 14.
371 599 392 623 a
408 585 548 626 Volscis
570 586 733 623 honora-

143 651 203 679 tur
233 638 423 680 senatoria
443 643 653 695 dignitate,
693 650 734 679 et

94 725 96 727 -
139 697 438 737 ambiendorum
450 696 734 752 magistratuum

88 780 91 781 ν
139 752 238 792 iure.
273 765 391 805 1522.
420 766 481 805 14.
536 753 626 792 belli
656 752 734 792 dux

137 819 285 848 creatus
309 824 330 848 a
358 807 518 858 Volscis,
553 810 595 848 in
623 812 731 850 Rom.

90 891 93 894 «
140 877 275 917 agrum
337 865 567 904 incursiones
628 864 732 904 facit.

142 931 259 973 1527.
280 934 315 974 3.
335 922 374 959 in
396 921 639 972 plebeiorum
662 921 732 959 bo-

138 990 191 1016 na
213 975 539 1026 desueuit-Nubes,
558 978 734 1030 patricio·

138 1045 224 1071 rum
276 1032 388 1072 bonis
434 1036 550 1085 parci.
614 1045 732 1086 1527.

138 1089 310 1140 13—vlt.
359 1101 518 1142 accepto
546 1101 734 1130 externae

134 1145 298 1183 militiae
342 1145 510 1197 imperio
544 1151 732 1187 Rornano-

134 1213 218 1239 rum
242 1197 362 1239 socios
384 1201 543 1241 infestat.
569 1214 683 1255 1531.
702 1214 734 1242 1.

135 1255 305 1294 aVolscis
318 1257 733 1310 pt·aedicattu·.1537.2.

69 1343 80 1354 .,
133 1313 292 1351 Latinos
304 1326 342 1352 et
353 1310 613 1366 sociospopuli
625 1318 733 1355 Rom.

133 1366 298 1406 infestat.
331 1380 447 1422 1537.
478 1383 540 1423 13.
603 1369 735 1408 vrbem

134 1436 221 1463 cum
239 1427 411 1464 exercitu
423 1428 530 1476 petit.
548 1437 688 1479 1549.1
700 1437 735 1467 1.

91 1508 93 1511 -
137 1479 184 1518 ad
207 1481 369 1519 Minucii
392 1484 611 1521 orationem
633 1494 734 1532 quae

135 1533 388 1586 responderit.
416 1539 530 1589 1567.
549 1550 610 1579 11.
633 1550 693 1576 res
712 1551 734 1576 a

136 1589 174 1630 se
200 1591 322 1644 gestas
342 1604 382 1631 et
399 1594 498 1632 vitae
519 1593 733 1632 institutum

89 1673 112 1689 ι,
132 1646 310 1686 breuiter
341 1650 516 1699 exponit.
551 1654 665 1702 1569.
693 1653 730 1692 6.

133 1704 183 1744 de
211 1700 343 1743 senatu
369 1707 540 1757 grauiter·
565 1719 733 1756 conque-

90 1784 94 1788 ·
134 1760 241 1798 titur.
269 1771 384 1814 1572.
410 1773 469 1802 11.
507 1762 646 1813 quibus
669 1762 734 1800 be-

135 1814 282 1853 nefieiis
310 1827 348 1855 et
367 1817 583 1857 honoribus
603 1832 625 1857 a
643 1819 732 1857 Vol·

132 1869 200 1910 scis
221 1868 377 1910 affectus
395 1870 522 1913 fuerit.
559 1885 673 1928 1577.
694 1875 731 1914 6.

137 1926 244 1976 quib.
275 1928 566 1967 conditionibus
598 1941 733 1980 pacem

135 1984 317 2022 Romanis
340 1983 532 2023 obtulerit.
558 1991 678 2037 1584·
701 1997 733 2027 1.

142 2042 259 2090 1614.
280 2052 316 2080 2.
348 2041 483 2079 iterum
505 2043 658 2082 Latinos
680 2042 735 2079 in-

133 2092 253 2132 festat.
286 2097 402 2147 1586.
422 2109 512 2147 pen.
558 2096 689 2135 denuo
714 2110 736 2136 e

137 2151 242 2189 Latio
254 2150 300 2188 ad
313 2151 443 2190 vrbem
455 2152 736 2205 ducit.1588.6.

139 2202 330 2244 secundae
350 2211 607 2247 Romanorum
634 2209 737 2261 lega-

139 2261 236 2298 tioni
258 2275 356 2312 quae
374 2261 553 2315 responsa
573 2264 736 2311 dederit,

142 2326 180 2354 et
213 2329 312 2366 quae
340 2321 488 2358 tertiae.
542 2333 658 2374 1591.
691 2334 730 2362 2.

147 2382 264 2424 1593.
286 2375 323 2414 6.
382 2386 545 2414 matrem
580 2388 619 2415 et
648 2390 738 2415 vxo-

139 2439 222 2465 rem
268 2429 465 2480 legatione
505 2444 576 2482 pro
615 2434 738 2485 patria

142 2481 356 2534 fungentes
367 2497 405 2522 vt
417 2489 737 2541 excepet·it,t609.

142 2551 178 2579 2.
201 2538 246 2575 ad
266 2541 394 2578 matris
417 2543 626 2593 petitiones
639 2557 740 2594 quae

141 2593 396 2645 responderit.
424 2600 535 2649 ¹613·
550 2606 583 2647 8.
604 2610 740 2638 mater-

144 2651 202 2689 nis
220 2652 398 2702 precibus
417 2654 555 2702 vietus,
594 2653 741 2695 consul-

789 1087 935 1127 Mmini
955 1089 1019 1127 dii.

790 1145 896 1183 Mars
920 1144 1160 1195 etQuirinus
1182 1157 1230 1183 an
1250 1143 1354 1184 idem
1378 1159 1444 1184 nu-

796 2208 1032 2254 Mai-unium,
1057 2219 1118 2259 op.
1131 2207 1250 2248 Abor.

794 2264 911 2302 Matri
940 2263 980 2301 in
1001 2262 1120 2302 lilium
1141 2264 1307 2303 debetur
1327 2266 1448 2316 impe-

797 2603 945 2641 Mntroa
968 2598 1236 2637 modulamina.

797 2656 992 2698 Marionis
1027 2657 1206 2694 Romanis
1236 2665 1276 2695 et
1306 2658 1448 2697 Latinis

849 254 904 286 tat
925 258 1011 285 cum
1034 259 1089 296 ea,
1115 247 1208 300 qui'd
1230 246 1326 289 facto
1344 261 1444 301 opus

844 302 899 344 fit.
930 306 1045 354 1632.
1067 317 1104 355 3.
1143 306 1271 356 copias
1291 318 1314 345 e
1333 308 1442 345 Rom.

846 371 940 410 agro
960 358 1118 398 domum
1137 362 1295 400 reducit.
1328 365 1444 414 1642.

851 425 912 456 11.
934 428 955 452 a
973 415 1089 454 Tullo
1100 417 1204 455 Attio
1222 417 1443 456 traducitur.

849 473 967 522 1643.
993 482 1052 523 13.
1101 485 1122 509 a
1142 473 1246 510 Tulli
1277 471 1443 513 fatiione

845 526 990 565 indicta
1037 525 1159 566 causs'a
1200 528 1443 568 interficitur.

850 585 968 636 1647.
990 593 1025 634 5.
1057 583 1279 634 triumphali
1299 585 1444 624 funere

844 638 1056 679 decoratur.
1081 642 1197 692 1648.
1219 653 1256 692 3.
1277 643 1444 679 altoma-

844 696 905 734 nis
933 697 1079 748 pariter
1109 707 1147 734 et
1169 694 1309 734 Volscis
1337 698 1445 749 luge-

846 754 928 799 ται-ζ
954 763 991 790 et
1012 750 1243 803 sempiterna
1262 757 1447 791 memoria

845 809 993 846 colitur.
1024 811 1140 861 1653.
1164 821 1202 850 2.
1228 809 1324 854 vitia,
1346 821 1445 860 quae

843 865 888 903 in
911 861 948 903 se
968 864 1155 904 habuerit.
1181 867 1294 917 1650.
1307 878 1343 906 2.
1364 867 1446 915 qui·

841 919 913 959 bus
935 920 1135 959 virtutibus
1155 920 1351 971 praeditus
1363 920 1446 959 fue-

846 977 907 1015 rit.
940 980 1056 1029 1649.
1078 989 1115 1017 2.
1167 977 1293 1015 bonae
1318 975 1445 1016 famae

843 1030 1221 1073 studioliffimusfuit.
1247 1035 1443 1086 1633.15.

1330 1102 1394 1142 95.
1409 1096 1443 1135 8.

848 1214 951 1247 men,
969 1203 1161 1239 incertum
1182 1201 1245 1240 est.
1268 1203 1442 1254 33689.

846 1257 982 1297 Martis
994 1257 1201 1295 oraculum.
1214 1271 1278 1309 40.
1290 1269 1326 1297 2.
1337 1260 1444 1297 Mar-

849 1314 895 1351 tis
917 1313 1104 1365 templum
1115 1310 1315 1352 vetustum.
1335 1320 1441 1365 335.

845 1369 981 1409 Martis
1018 1370 1203 1420 templum
1243 1379 1346 1407 extra
1382 1382 1444 1406 vr-

845 1424 946 1464 bem.
973 1429 1088 1476 1069.
1109 1427 1146 1467 6.
1171 1427 1305 1466 Martis
1323 1426 1444 1463 lucus.

850 1493 939 1534 195.
955 1495 990 1535 4.
1015 1483 1131 1524 Marti
1155 1479 1255 1520 sacer
1277 1493 1446 1532 campus.

850 1545 941 1591 874.
962 1552 1053 1589 pen.
1099 1539 1214 1580 Marti
1246 1539 1285 1575 in
1307 1549 1443 1588 campo

842 1594 988 1635 Martio
1011 1593 1192 1632 litabatur
1210 1591 1444 1632 suouetauri-

842 1648 957 1688 libus.
991 1653 1170 1702 690.11.
1226 1650 1266 1687 in
1299 1651 1444 1690 Martio

842 1718 978 1756 campo
991 1706 1146 1744 comitia
1158 1704 1346 1744 habentur
1356 1718 1446 1743 cen·

845 1762 995 1801 ruriata.
1021 1772 1138 1814 1449.
1160 1763 1196 1802 6.
1241 1761 1282 1800 In
1304 1763 1446 1800 Martio

843 1831 981 1869 campo
1037 1815 1330 1857 conscribuntur
1385 1830 1448 1855 co-

844 1875 944 1925 piae.
989 1884 1104 1925 1724.
1130 1885 1192 1925 13.
1256 1870 1378 1924 (vise
1408 1884 1447 1911 et

845 1931 1052 1981 Campus.)
1093 1930 1134 1967 in
1156 1930 1323 1968 Martiali
1344 1929 1445 1967 colle

844 1987 1032 2036 templum
1046 1985 1108 2024 Dii
1123 1984 1232 2025 Fidii.
1257 1986 1445 2037 1914.vlt.

791 2041 918 2086 Marii,
943 2042 980 2078 in
995 2040 1128 2078 vrbem
1142 2042 1297 2092 recepti.
1311 2053 1361 2093 23
1374 2051 1443 2081 1.1.

793 2097 994 2134 Marlicum
1043 2095 1201 2135 bellum.
1248 2106 1341 2150 792.
1383 2097 1447 2137 vlt.

1278 2164 1392 2205 1704.
1407 2156 1443 2195 6.

1328 2222 1380 2262 39
1409 2216 1446 2258 8·

849 2320 960 2358 rium.
992 2321 1106 2371 1631.
1124 2331 1162 2372 7.
1190 2321 1326 2359 Mati-is
1345 2320 1449 2359 oscu-

849 2376 960 2424 latio,
993 2375 1175 2428 ambiguo
1200 2374 1316 2414 sensu.
1355 2379 1447 2425 806.

1352 2446 1446 2483 pen.

796 2489 970 2529 Matiena
990 2487 1129 2532 Tiora,
1165 2500 1224 2539 op.
1255 2499 1322 2539 4o.
1346 2501 1381 2529 2.
1415 2503 1446 2529 v.

854 2558 878 2582 Π
885 2557 933 2586 Ol,
955 2557 988 2581 n.

1302 2603 1393 2651 276-
1407 2614 1448 2655 3.

909 2716 942 2752 V
959 2725 977 2749 v
1012 2723 1034 2763 5
1296 2715 1451 2763 permit-
