1751 3154
574 96 985 139 RERVM.

92 211 286 254 Horarum
307 206 507 249 thalamus.
608 218 696 261 154.
710 220 746 262 ς.

92 270 241 309 Horror
264 264 449 305 dentium.
601 272 744 316 3839.

93 324 272 364 Hortatio
338 322 378 360 in
443 321 747 372 compellatione

148 377 346 432 praetoris.
387 389 480 429 255.
506 390 567 419 11.
595 389 688 430 257.
708 390 746 430 3.

147 436 189 474 in
211 433 364 472 funebri
379 434 570 474 oratione.
583 437 746 486 262.13.

145 489 214 533 sub
233 489 352 529 finem
373 491 570 530 orationis.
583 501 746 542 249.13.

145 546 366 587 exhortatio
399 546 447 584 ad
467 545 630 585 athletas
653 557 746 584 ante

146 615 358 643 certamen.
390 605 483 656 267.
508 617 545 657 ς.
576 605 745 653 269.11.

600 661 745 710 276.9.

89 712 241 766 Hospes
289 714 524 767 peregrinus
571 726 647 765 qua
692 713 747 751 di-

148 770 263 809 cendi
300 769 414 821 possit
440 773 491 809 vti
512 769 672 809 materia
704 769 746 808 in

143 826 243 865 ludis
264 823 501 865 solennibus.
569 836 663 877 271.
678 825 744 863 vlt.

89 884 276 936 Hylaicus
306 893 459 933 portus,
493 882 537 920 in
563 884 744 934 Corcyra.

603 943 744 990 8841.

89 995 205 1047 Hyle,
229 1007 318 1046 opp.
341 993 540 1034 Boeotiae.
599 1006 689 1046 103.
705 996 744 1036 6.

90 1054 261 1104 Hypate,
282 1048 327 1089 sc.
348 1050 504 1089 chorda.
605 1062 691 1101 147.
709 1061 743 1102 ς.

88 1107 303 1160 Hyper-bati
330 1107 553 1157 exemplum
574 1119 622 1145 ex
639 1105 747 1145 Thu-

146 1162 230 1215 cyd.
607 1169 747 1215 8917.

89 1219 312 1274 Hyperides
351 1219 393 1257 in
431 1216 639 1258 verborum
667 1218 748 1257 ele-

144 1277 274 1313 &ione
290 1274 395 1327 Lyfia
418 1273 590 1321 inferior,
626 1276 665 1313 in
690 1287 748 1313 re-

146 1344 232 1370 rum
290 1331 516 1369 trassatione
558 1328 746 1382 superior.

146 1390 242 1438 641.
269 1398 329 1428 10.
352 1386 456 1439 Lyiia
472 1388 512 1426 in
535 1384 747 1439 dispofitio-

145 1442 261 1482 nibus
282 1446 503 1491 accuratior,
533 1445 628 1483 etin
654 1454 746 1483 con-

140 1497 390 1538 firmationib.
418 1501 549 1538 acrior.
588 1502 679 1554 640.
709 1511 745 1551 3.

142 1555 386 1607 Hyperides,
418 1555 643 1605 Aeschines,
671 1558 746 1596 De-

147 1610 388 1657 mosthenes,
419 1610 746 1658 consummarunt,

144 1679 245 1717 quae
264 1681 284 1705 a
305 1664 564 1719 superioribus
583 1669 748 1707 inuenta

142 1721 309 1762 fuerant.
330 1728 425 1775 630.
444 1736 483 1766 2.
529 1725 746 1777 Hyperidis

148 1777 347 1818 characier.
368 1783 462 1833 643.
485 1783 523 1823 6.
560 1780 748 1822 funebres

149 1835 355 1873 orationes.
376 1847 468 1887 259.
489 1846 528 1887 7.
553 1836 748 1889 Hyperidi

147 1893 269 1942 gratia
293 1891 596 1942 pai-Dinarchus,
619 1893 680 1930 vel
695 1903 748 1931 et-

146 1947 224 1984 iam
242 1943 425 1997 superior.
447 1950 540 1998 631.
565 1960 626 2001 14.
667 1951 748 2000 Hy-

147 2001 293 2053 peridis
337 2003 550 2041 imitatores
586 2017 660 2054 qua
690 2017 748 2043 re-

145 2059 237 2111 gula
265 2058 622 2110 deprehendantur.
651 2063 746 2113 645.

94 2168 408 2222 Hypobaccheus
425 2183 496 2222 pes
509 2171 589 2223 qui,
607 2128 748 2223 (3ῐηὶξί

150 2229 207 2264 lis.
600 2240 617 2269 Ι
630 2240 644 2269 1
657 2240 689 2269 Ι.
710 2241 747 2282 5.

95 2283 231 2334 Hyria,
252 2283 438 2322 Boeotiae
458 2296 549 2334 opp.
611 2296 747 2336 1032.

93 2339 463 2391 Hyrminus,fluuius
476 2339 748 2393 Siciliae781.

685 2408 748 2437 12.

412 2452 439 2489 1.

94 2559 262 2607 Iacchus,
286 2559 470 2601 Bacchus.
609 2570 697 2612 108.
716 2575 748 2605 1.

92 2616 245 2658 Iambus
265 2630 336 2670 pes
350 2619 428 2669 qui,
453 2619 633 2670 etqualis.
659 2623 747 2664 106.

857 219 896 248 2.
925 208 1141 250 iambicum
1162 212 1379 253 trimetrum
1399 227 1457 255 re·

859 270 972 302 ctum.
1122 279 1214 309 202-
1234 281 1291 310 11-
1312 282 1456 325 20529-

802 321 924 360 leone
941 331 1175 372 temperatur
1193 325 1460 377 reprehensio-

861 377 918 414 nis
938 374 1109 417 offenlio.
1283 387 1376 435 369.
1394 395 1458 436 14.

804 431 906 471 Istus
926 434 1124 474 orationis.
1257 449 1373 490 1013.
1389 450 1454 490 13.

802 489 920 528 ideae
957 489 1130 530 Platonis
1166 492 1214 531 ab
1245 492 1458 535 Aristotele

856 544 1037 583 reiectae.
1289 557 1310 598 8
1321 562 1336 591 1
1347 562 1380 601 5.
1395 551 1459 590 vlt.

802 600 893 641 Idus
905 601 1119 643 Mineruae
1130 599 1265 643 sacrae.
1282 614 1459 660 243.g.9.

803 659 957 696 lentare
977 654 1075 696 soliti
1094 670 1254 699 veteres.
1291 673 1457 714 12.pen.

801 712 965 760 Helium,
983 714 1172 754 Boeotiae
1192 729 1280 768 opp.
1314 731 1403 771 103.
1422 731 1460 772 ς.

802 768 957 821 Ilithyia
977 780 1106 821 partus
1124 771 1260 811 dolore
1278 774 1460 825 grauidas

859 825 1010 865 liberat.
1258 840 1351 870 220.
1367 837 1402 879 8.
1414 843 1454 884 9.

803 883 1002 934 Imagities
1038 882 1238 922 vistorum.
1289 897 1383 938 274.
1420 890 1460 930 6.

856 938 1041 990 imaginis
1066 937 1251 988 pulchrae
1270 939 1464 992 adspecta-

857 994 912 1032 tio
934 993 1077 1042 crebra,
1098 996 1251 1045 prolem
1270 998 1465 1048 pulchrio-

856 1063 937 1090 rem
959 1049 1089 1090 efficit.
1312 1057 1407 1106 416.
1420 1058 1460 1098 6.

804 1106 950 1145 Imitari
984 1119 1115 1145 rerum
1153 1118 1192 1146 et
1218 1108 1339 1148 animi
1367 1109 1463 1151 affe-

857 1163 938 1202 &us
979 1163 1021 1201 in
1060 1165 1339 1205 enunciatione
1367 1164 1463 1207 sole-

857 1230 953 1257 mus.
981 1222 1070 1271 136.
1094 1232 1130 1260 2.
1169 1221 1309 1260 imitari
1329 1235 1461 1264 rerum

859 1272 1084 1314 affeftiones
1111 1276 1371 1318 confimilibus
1398 1294 1463 1320 vo·

860 1344 950 1370 curn
978 1342 1017 1371 et
1046 1328 1273 1384 syllabarum
1294 1334 1464 1376 affeffio-

859 1386 989 1437 nibus,
1008 1398 1143 1427 natura
1162 1388 1308 1431 docuit.
1341 1404 1408 1446 94.
1419 1405 1460 1446 4.

803 1444 971 1484 imitatio
991 1444 1084 1494 quid
1104 1444 1164 1494 sit,
1203 1457 1242 1485 et
1261 1451 1462 1497 quomodo

859 1498 936 1539 fiat.
968 1511 1060 1553 394.
1084 1507 1118 1550 8.
1172 1501 1339 1542 imitatio
1358 1516 1463 1545 vete-

857 1568 944 1595 rum
965 1567 1003 1594 vt
1021 1556 1096 1595 fiat.
1120 1561 1214 1611 416.
1236 1561 1298 1599 vlt.
1337 1562 1463 1602 imita-

857 1613 911 1650 tio
933 1623 1120 1660 veterum‚
1153 1625 1191 1653 et
1211 1614 1258 1654 ab
1280 1616 1354 1656 illis
1373 1617 1461 1669 iplis

859 1665 1139 1720 discrepantia,
1179 1670 1330 1711 duabus
1350 1675 1464 1714 ratio·-

857 1723 973 1763 nibus
994 1724 1312 1776 deprehenditur.
1326 1732 1461 1783 6445.

859 1781 1086 1819 imitationis
1107 1792 1198 1822 nota
1209 1784 1408 1835 potissima,
1421 1787 1463 1826 si-

857 1837 1050 1875 militudo.
1069 1842 1164 1889 641.
1179 1851 1214 1891 5.
1233 1840 1463 1882 imitationis

860 1894 1062 1943 exemplar
1089 1895 1285 1944 optimum
1315 1902 1463 1939 Demo-

856 1947 1022 1987 sthenes.
1044 1961 1135 2001 950.
1160 1963 1251 2001 pen.
1271 1952 1321 1991 de
1338 1955 1463 1993 imita·

859 2006 968 2043 tione
1007 2009 1307 2047 commentarios
1342 2010 1464 2053 edidit

857 2059 1079 2113 Dionysius.
1104 2069 1242 2110 810.1.
1265 2065 1315 2104 de
1336 2067 1464 2116 imita·

859 2117 969 2156 tione
999 2118 1210 2170 Dionysius
1242 2118 1383 2173 scripsit
1418 2123 1463 2163 li-

861 2172 951 2210 bros
979 2183 1082 2214 tres:
1120 2175 1162 2213 in
1192 2189 1357 2227 quorum
1385 2181 1464 2231 pri-

861 2241 926 2267 mo
961 2229 1012 2267 de
1040 2226 1117 2282 ipsa
1145 2232 1364 2274 imitatione
1392 2233 1464 2275 dis-

859 2285 1051 2335 quiriturt
1093 2288 1135 2325 in
1165 2287 1352 2339 secundo,
1394 2293 1462 2342 qui

863 2341 1043 2379 imitandi
1066 2341 1150 2391 finr,
1173 2355 1254 2383 turn
1272 2351 1410 2397 poetae
1422 2359 1463 2387 et

860 2395 1102 2448 philosophi,
1138 2410 1217 2439 tum
1239 2401 1403 2442 historici
1424 2416 1462 2444 et

864 2465 1062 2492 oratores:
1108 2455 1148 2492 in
1177 2458 1290 2495 tertio
1311 2487 1320 2505 ,
1364 2472 1462 2510 quo-

862 2510 982 2548 modo
1011 2509 1156 2549 institui
1183 2513 1323 2552 debeat
1343 2515 1463 2555 imita-

862 2567 925 2604 tio.
1286 2572 1380 2622 766.
1397 2583 1462 2614 10.

808 2621 1022 2674 Imperium
1043 2631 1180 2663 natura
1192 2622 1255 2664 dat
1266 2627 1314 2673 ei,
1327 2629 1392 2677 qui
1404 2626 1461 2667 su·

1323 2685 1460 2736 perior
