1751 3154
548 147 950 196 RERVM.

114 262 270 303 dicendi
289 268 451 315 genere.
472 271 564 317 584.
591 277 624 307 1.
651 265 709 304 iu-

114 319 262 359 dicialis
291 319 406 357 diffie
429 317 641 359 Isocraticas
668 320 707 359 si-

114 387 226 428 guras
244 387 323 413 non
344 373 539 415 defiderat.
565 388 653 429 539.
667 389 704 429 4.

57 433 157 472 Iuno
175 434 296 476 ζσφίκ,
327 429 391 469 seu
411 432 571 484 iugalis,
602 433 704 471 vnde

112 486 223 525 dieta.
242 497 333 538 235.
347 499 382 540 ς.
399 489 556 526 lunonis
565 486 702 527 fanum

106 541 148 580 in
169 542 351 593 Corcyra.
562 550 651 595 884.
662 556 701 597 4.

54 598 208 650 Iupiter
256 600 369 636 Patet·
417 597 520 638 vnde
569 599 700 638 dictus.

107 665 202 707 235.
221 665 258 705 4.
279 653 429 705 Iupiter
452 654 596 693 volucri
619 667 701 693 cur-

106 721 154 749 ru
175 720 248 760 pet·
268 710 419 748 coelum
442 708 604 757 vehitur,
631 723 698 761 po-

103 776 160 804 ne
186 762 374 815 sequente
398 765 558 804 deorum
577 766 697 818 agmi-

103 830 168 860 ne.
188 824 330 873 971.6.
359 821 460 860 Iouis
478 829 601 867 nutus,
619 833 698 860 cer-

102 875 264 915 tisiimae
273 875 526 929 promissionis
536 875 697 930 signum.

107 937 201 984 318.
224 944 257 974 1.
301 932 404 971 Iouis
421 931 553 970 laudes
574 934 614 971 in
634 947 698 984 pa-

103 997 240 1040 negyr.
268 1000 322 1027 or.
351 994 443 1039 227.
475 999 536 1029 10.
590 989 694 1028 Iouis

101 1042 236 1084 Hei-cii
258 1056 319 1081 ara
340 1040 405 1080 sub
427 1043 522 1081 olea.
545 1046 636 1095 637,
651 1047 691 1087 6,

101 1099 210 1137 Iouis
220 1097 442 1147 Eleutherii,
460 1095 522 1138 seu
541 1099 695 1139 Libera·

102 1155 204 1202 toris‚
222 1151 332 1192 sacra.
546 1167 639 1208 901.
654 1168 692 1208 9.

43 1212 268 1251 Iuramento
295 1208 332 1248 se
348 1205 509 1260 suosque
527 1220 636 1250 natos
656 1221 697 1251 et

96 1264 269 1318 posteros
312 1263 514 1317 obstringit
553 1267 692 1307 iurans.

98 1328 195 1373 508.
217 1333 258 1364 2.
303 1320 514 1360 iuramenti
540 1323 693 1375 religio.

549 1385 641 1431 508.
657 1389 693 1432 5⁴

349 1490 394 1528 L.

41 1598 168 1642 Labor
205 1598 419 1641 dulcedine
444 1604 691 1653 temperaturi

548 1663 687 1710 188.4.

39 1712 112 1752 Lac
140 1723 162 1748 a
184 1711 346 1751 Platone
373 1711 598 1752 nominatur
623 1713 689 1751 ali-

91 1767 214 1805 menti
233 1765 333 1805 fons.
462 1779 578 1820 1041.
592 1780 684 1820 pen.

36 1821 571 1863 LacedaemoniiGraecorum
582 1824 687 1875 prin·

93 1880 209 1928 cipes.
240 1889 329 1929 523.
350 1881 386 1921 6.
431 1879 546 1930 primi
564 1878 685 1918 nuda-

93 1943 185 1972 runt
211 1944 347 1983 corpus
375 1944 418 1972 m
449 1944 685 1974 exereitatio-

95 1987 221 2027 nibus.
246 1993 335 2041 856.
360 2000 419 2031 12.
449 2001 537 2028 cum
556 2001 685 2041 repre-

91 2042 282 2083 hensione
320 2044 483 2095 quadam
520 2047 685 2085 excitan-

92 2110 155 2139 tur
186 2099 234 2138 ad
255 2099 446 2139 ‘delendas
475 2113 499 2139 e
523 2102 684 2141 Graecia

88 2156 328 2206 tyrannides.
360 2168 451 2208 523.
478 2169 516 2208 4.
568 2167 686 2210 aegre

91 2209 197 2249 bella
222 2209 502 2262 suscipiebant,
543 2225 581 2252 et
607 2225 687 2252 tan-

94 2274 177 2305 tum
198 2268 326 2306 euasti.
357 2274 447 2319 835.
471 2279 531 2310 10.
577 2270 686 2309 Pelo-

93 2320 370 2372 ponnesiacum
389 2322 535 2363 bellum
555 2325 685 2365 aduer-

93 2373 154 2416 sus
180 2375 441 2418 Athenienses
466 2380 605 2430 quibus
637 2394 685 2420 ex

91 2431 222 2470 cauffis
242 2430 480 2483 susceperint.
499 2447 591 2488 770.
621 2449 684 2489 14.

94 2494 186 2540 834.
198 2500 234 2540 4.
254 2489 551 2529 Lacedaemonii
571 2503 609 2530 et
621 2495 687 2531 Pe-

89 2543 308 2593 loponnefii
339 2557 413 2594 qua
437 2556 519 2584 arte
544 2561 564 2584 a
585 2547 687 2587 bello

89 2597 397 2640 Atheniensibus
476 2599 685 2642 inferendo

93 2655 243 2696 auocati
269 2653 342 2695 sint
365 2654 414 2696 ab
433 2656 681 2699 Archidamo.

818 275 911 315 294.
933 276 970 317 ς.
994 277 1085 317 352.
1104 279 1142 320 9.
1160 268 1414 310 Lacedaemm

790 345 794 348 -
816 319 873 357 nii
889 320 1039 373 legatos
1051 324 1226 365 Athenas
1245 326 1296 364 de
1316 337 1415 378 pace

815 374 1003 423 mittunt3
1037 377 1185 420 frustra.
1226 389 1315 435 843.
1347 396 1414 425 12.

811 429 1075 472 formidabiles
1105 437 1272 486 pt·irnum
1291 437 1413 477 Athe-

812 485 1020 526 niensibus.
1044 497 1132 542 373.
1153 505 1244 542 pen.
1287 494 1410 533 Lacea

810 541 1106 584 daemoniorum
1124 547 1171 586 ad
1184 548 1320 600 Pylum
1336 551 1409 589 cla·

807 597 887 636 des.
987 645 990 648 Δ
1233 609 1325 653 880.
1342 607 1404 649 16.

752 656 937 694 Lamenta
972 651 1135 695 suasioni
1166 667 1206 696 et
1232 658 1406 700 exhortae

806 709 902 747 tioni
914 709 1008 749 nihil
1021 710 1332 767 conferunt.297.
1341 719 1405 759 16.

753 765 908 804 Lamiae
927 764 1133 811 fabulosae.
1239 777 1327 818 822·
1343 784 1358 813 1
1370 783 1406 813 1.

753 821 846 859 Lata
867 821 992 862 verba.
1263 833 1402 879 1489.-

752 876 879 916 Latius
898 874 1056 916 diffusae
1073 878 1250 918 diffionis
1270 893 1405 921 exem·

807 932 916 983 plum
936 946 985 973 ex
1000 932 1171 975 Isocrate.
1206 947 1322 978 1010.
1340 949 1401 979 11.

1235 1003 1308 1035 101
1321 1004 1353 1034 1.
1367 1005 1401 1034 1.

749 1042 1008 1084 Laudationes
1037 1041 1268 1086 suasionibus
1288 1047 1403 1087 artifi-

807 1097 910 1138 ciose
945 1112 1015 1138 ceu
1053 1114 1247 1155 parergon
1281 1104 1403 1143 intera

803 1152 1022 1194 miscentur.
1041 1168 1207 1209 357.10.
1230 1159 1400 1200 laudatio

802 1210 842 1249 in
857 1210 1093 1260 defensione,
1113 1213 1315 1253 artificiose
1327 1226 1399 1255 tra-

802 1266 898 1305 flata
937 1281 958 1305 a
991 1267 1155 1307 Platone
1194 1280 1233 1308 et
1269 1273 1398 1309 Xeno-

800 1320 958 1372 phonte.
980 1328 1068 1376 358.
1094 1336 1126 1365 1.
1156 1325 1288 1365 laudes
1308 1327 1398 1366 taci-

803 1388 858 1416 tas
884 1378 925 1417 in
953 1376 1210 1419 accusationes
1234 1380 1395 1424 inferre.

806 1443 923 1486 1123.
953 1446 988 1487 3.
1045 1435 1088 1474 in
1121 1436 1281 1476 laudum
1310 1435 1397 1477 scri-

804 1489 943 1540 ptione
981 1501 1082 1541 quae
1107 1490 1319 1532 afferantur
1350 1495 1396 1533 in

801 1544 985 1584 medium.
1017 1556 1114 1600 751.
1142 1553 1176 1595 8·
1232 1549 1395 1589 laudum

796 1601 957 1640 materia
986 1600 1027 1640 in
1052 1605 1289 1656 panegyrica
1316 1617 1397 1644 ora·

802 1655 921 1694 tione.
941 1669 1033 1708 227.
1052 1670 1088 1708 9.
1123 1659 1204 1697 laus
1223 1662 1394 1712 propria,

799 1708 936 1751 odiosa.
953 1723 1045 1765 755.
1065 1725 1101 1764 9.
1128 1714 1207 1752 laus
1229 1713 1281 1753 sui
1299 1714 1394 1754 effus

792 1764 876 1817 sior,
896 1767 1132 1808 auditoribus
1152 1770 1313 1810 molesta
1326 1771 1394 1811 est.

969 1871 971 1873 ,
1248 1831 1390 1880 926-42

738 1877 921 1929 Leftoris,
951 1876 1017 1918 seu
1038 1880 1270 1929 Recitatoris‚
1299 1895 1389 1922 voit.

1244 1941 1386 1991 561.1.

738 1987 868 2028 Ledae
885 1989 965 2039 silii,
986 1990 1171 2032 Castores.
1243 2002 1332 2046 107.
1346 2004 1385 2045 7.

737 2046 874 2097 Legati
893 2045 939 2084 ad
959 2059 1122 2086 coenam
1141 2059 1324 2088 vocantur
1343 2050 1386 2089 in

795 2112 1040 2153 prytaneum.
1059 2111 1150 2155 287.
1172 2105 1234 2143 vlt.
1281 2106 1387 2157 lega-⁷

795 2167 852 2195 tus
895 2158 1121 2198 muneribus
1170 2171 1381 2212 corruptus.-

1242 2223 1386 2269 2887·

740 2270 895 2320 Legere
913 2270 1078 2319 primum
1097 2266 1308 2322 syllabatim
1330 2272 1388 2311 di·-

793 2323 942 2364 scimus.
967 2338 1081 2379 1115.
1103 2337 1142 2377 9.
1162 2327 1296 2379 legere
1307 2329 1386 2366 De·

795 2380 1005 2419 mosthenis
1026 2383 1219 2420 orationes
1238 2397 1316 2421 non
1331 2384 1384 2422 ita

795 2437 894 2482 licet,
916 2447 950 2475 vt
968 2434 1146 2481 isocratis,
1167 2440 1261 2488 quin
1282 2440 1386 2478 varie

796 2494 1386 2537 commoueamnranimo.1021.

1315 2550 1382 2590 Vis-⁴

738 2605 892 2657 Legum
926 2615 1089 2643 examen
1125 2605 1387 2655 prolixitatem

788 2660 988 2700 interdum
1016 2660 1064 2699 ab
1092 2670 1244 2701 oratore
1260 2662 1387 2715 postu-

849 2716 881 2758 C
894 2728 912 2757 c
922 2728 942 2754 c
969 2727 997 2758 2
1318 2718 1380 2756 lat.
