1751 3154
519 103 967 149 RERVM.

133 219 392 261 exaedificata.
420 224 508 272 185.
531 230 570 272 4.
614 231 636 257 a
656 220 733 259 Ro-

130 278 241 317 mulo
267 276 477 316 conditore
506 284 653 314 nomen
676 286 736 312 ac-

129 334 234 385 cipit.
258 344 349 386 113.
376 344 437 374 11.
470 335 631 372 Romam
651 343 734 369 non

129 387 210 430 effe
247 388 446 428 conditam
482 402 504 428 a
546 386 734 427 barbaris.

127 447 224 500 706.
247 457 308 488 10.
345 450 490 486 Romae
509 444 736 484 conditores

63 535 65 537 .
129 503 302 543 Graecos
322 499 455 550 fuisse,
498 513 582 540 non
604 499 736 539 barba·

127 570 204 598 ros.
228 564 345 612 1480.
373 570 434 599 11.
458 567 575 610 1497.
595 559 631 598 6.
666 557 738 595 Ro-

126 627 192 655 ma
229 627 251 653 a
290 615 422 653 multis
460 612 616 653 Graecis
649 610 736 650 vrbs

125 669 339 724 Tyrrhena
360 670 572 709 nominata.
592 670 687 719 76.1
702 678 732 708 1.

125 725 195 767 vbi
220 725 297 766 fita.
331 739 424 778 234.
448 737 480 767 1.
536 724 730 774 quadrata.

126 789 222 832 228·
249 794 309 825 12.
330 794 423 836 374.
438 782 501 821 vlt.
528 780 733 830 ampliatur

126 840 326 881 aRomulo
349 850 388 877 et
399 838 523 876 Tatio.
539 848 730 889 340.pen.

127 896 341 947 ampliatur
359 908 382 933 a
400 895 536 933 Numa.
557 895 651 944 368.
668 903 729 931 10.

125 952 334 1003 ampliatur
363 964 385 990 a
411 949 530 989 Tullo
551 947 729 989 Hostilio.

123 1019 219 1060 407.
246 1018 286 1058 7.
338 1010 484 1046 Romae
512 1002 675 1043 ambitus
707 1017 730 1042 a

123 1065 205 1105 Ser.
223 1063 360 1102 Tullio
387 1060 539 1101 duobus
567 1058 730 1098 collibus

123 1119 274 1167 aniius,
316 1131 398 1157 non
430 1116 609 1170 processit
636 1117 732 1155 vlte-

121 1176 211 1215 rius.
231 1176 324 1224 668.
344 1187 383 1228 9.
407 1186 467 1227 14.
490 1176 634 1213 Romae
654 1184 732 1210 ani-

120 1230 274 1284 plitudo
299 1230 381 1270 fine
403 1228 590 1269 suburbiis
609 1241 729 1279 quan-

125 1299 176 1327 ta.
195 1289 287 1340 669.
310 1299 348 1339 7.
381 1289 528 1326 Romae
547 1283 727 1332 ambitus,

125 1354 165 1384 et
202 1352 447 1382 munimenta
485 1354 554 1391 per
596 1353 728 1378 circui-

124 1409 218 1439 tum.
245 1411 361 1452 1934.
374 1411 410 1452 9.
438 1401 557 1437 Roma
577 1397 618 1435 in
638 1410 727 1448 qua-

123 1466 210 1495 tuor
230 1466 367 1506 partes,
391 1452 457 1493 seu
483 1464 647 1504 quatuor
666 1453 728 1491 tri-

121 1511 194 1550 bus
222 1512 390 1556 locales,
425 1510 671 1562 distinguitur
705 1522 727 1547 a

121 1568 370 1619 Sea-Tullio,
400 1567 614 1606 Palatinam
638 1562 727 1603 scili-

121 1634 195 1671 cet,
223 1623 478 1670 Suburanam,
512 1622 721 1666 Collinam,

120 1690 161 1718 et
181 1676 427 1729 Esquilinam.
449 1682 542 1731 670.
565 1679 602 1718 6.
650 1680 727 1717 Ro-

120 1749 266 1776 manae
297 1735 396 1774 vrbis
423 1734 630 1773 stru'ciurae
650 1746 728 1772 nia·

120 1790 459 1845 gnisicentissimae
478 1802 565 1836 tres,
580 1791 727 1828 viarum

121 1849 294 1895 stratura,
322 1846 596 1898 aquaeductus,
629 1846 727 1884 cloa-

122 1916 204 1942 cae.
232 1909 323 1954 581.
343 1914 381 1954 7.
432 1907 579 1943 Romae
601 1902 726 1940 colles

120 1957 281 2011 septem.
318 1961 410 2007 668.
448 1959 512 1997 vlt.
579 1960 726 1996 Romae

121 2028 235 2055 areae
246 2026 423 2067 patentes
436 2015 589 2052 multae.
602 2026 724 2066 2023.

123 2078 160 2121 8.
183 2074 328 2111 Rornae
345 2071 566 2110 adiacentes
587 2070 724 2120 campi.

121 2138 329 2181 2023.10.
379 2130 520 2174 Roma,
552 2139 629 2177 qua
656 2128 727 2163 flu-

121 2185 232 2224 mine
277 2184 432 2222 alluitur
452 2211 461 2229 ‚
506 2181 724 2221 immunita.

126 2246 219 2291 897.
238 2252 331 2291 pen.
385 2244 504 2280 Roma
532 2238 727 2277 venienti-

119 2293 193 2333 bus
220 2308 268 2333 ex
302 2296 454 2336 Etruria
487 2293 725 2346 conspicitur

120 2352 293 2402 primum
312 2364 360 2389 ex
373 2352 554 2390 laniculo.
575 2364 667 2405 540.
684 2362 722 2402 9.

128 2413 248 2458 1809.
268 2417 303 2458 5.
332 2409 476 2446 Romae
493 2406 725 2446 habitatores

124 2461 250 2514 prisci.
269 2475 437 2513 24.pen.
459 2465 578 2501 Roma
599 2477 620 2502 e
643 2464 725 2514 qui·

121 2517 194 2557 bus
213 2519 368 2570 populis
386 2518 562 2557 conflata.
580 2531 672 2571 230.
685 2531 722 2559 2.

122 2586 217 2626 231.
242 2586 276 2614 1.
315 2588 336 2612 a
359 2575 523 2612 Romulo
543 2583 582 2612 vt
601 2575 719 2614 aucta.

50 2656 70 2666 ..
118 2632 211 2683 267.
224 2637 259 2678 8.
291 2629 430 2681 quibus
450 2629 532 2669 reb.
551 2630 657 2670 anua
676 2629 720 2672 fit

148 2688 587 2731 non.1mr..vor..VL

851 217 1003 257 ciuium
1038 229 1207 258 numero
1237 228 1278 259 et
1306 219 1462 271 imperii

847 273 1119 324 ainplimdine.
1140 288 1235 328 437.
1265 287 1326 318 10.
1349 277 1463 315 virtu-

832 340 954 376 ·tene‚
984 343 1033 368 an
1051 328 1211 370 fortuna
1234 332 1392 381 maiore,
1410 332 1460 372 ad

850 395 996 448 tautam
1035 388 1340 437 amplitudinem
1372 401 1461 440 per-

848 451 1016 481 venerit.
1036 453 1129 493 271.
1159 455 1220 483 11.
1265 454 1461 495 perpetuo

846 498 1018 537 numinis
1038 496 1176 537 fauore
1186 497 1334 539 seruata
1357 512 1462 552 epe-

845 554 985 592 riculis.
996 565 1090 606 971.
1103 566 1162 607 13.
1187 553 1367 608 singulari
1378 557 1458 597 Dei

846 610 1132 650 beneuolentia
1161 607 1334 650 seruatur
1366 625 1458 651 con-

845 677 901 706 tra
921 665 1075 706 infidias
1098 664 1277 706 hostium.
1294 680 1453 721 1340.4.

847 723 1012 762 deorum
1029 722 1354 762 beneuolentiam
1367 736 1458 774 per-

845 788 969 831 petuo
982 789 1156 830 experta.
1177 783 1295 832 1560.
1311 787 1344 828 8.
1356 780 1454 820 deos

847 848 915 874 cur
936 837 1123 888 propitios
1146 834 1339 874 habuerit.
1359 847 1453 889 390.

847 904 910 934 12.
939 891 1126 931 libertatis
1145 891 1455 932 fundamentum

843 948 950 998 quod
975 947 1164 986 habuerit.
1192 951 1286 996 268.
1311 959 1372 989 10.
1408 947 1456 987 li-

840 1002 1002 1043 bertatis
1047 1002 1286 1042 beneficium
1330 1007 1453 1044 Bruto

842 1059 1074 1112 potiffimum
1103 1058 1234 1098 debet.
1268 1065 1360 1112 803.
1385 1072 1453 1112 13.

840 1116 1044 1169 dignitatis
1080 1113 1170 1154 suae
1198 1113 1452 1155 obseruantis-

843 1172 945 1219 fima,
978 1173 1096 1211 eriam
1117 1172 1159 1210 in
1185 1171 1363 1210 maximis
1382 1183 1452 1223 pe-

842 1228 984 1267 riculis.
1015 1234 1133 1282 1589.
1160 1239 1193 1268 1.
1219 1238 1386 1280 1591.1.
1406 1227 1450 1267 id

839 1285 955 1324 vnice
985 1281 1354 1336 semperspesiauit,
1393 1297 1449 1323 ne

841 1341 936 1391 quid
954 1341 1086 1380 alieno
1107 1337 1217 1386 iussu,
1243 1340 1306 1379 vel
1322 1349 1448 1387 metu,

839 1395 970 1436 facere
1004 1395 1214 1436 videretur.
1254 1406 1347 1448 973.
1383 1408 1447 1449 13.

843 1460 961 1506 1589.
977 1464 1039 1493 10.
1066 1451 1348 1502 nihilvnquam
1362 1464 1448 1491 coa-

839 1509 897 1548 &a
928 1506 1125 1547 indulfiffe
1158 1507 1281 1546 videri
1310 1508 1446 1548 voluit.

842 1569 960 1614 1617.
985 1577 1045 1606 12.
1095 1561 1322 1603 aduersariis
1344 1563 1446 1604 nihil

839 1621 982 1659 cedere
1019 1617 1143 1659 solita.
1196 1632 1312 1662 1201.
1350 1633 1444 1671 pen.

838 1676 966 1716 hostes
986 1677 1116 1727 plures
1130 1689 1206 1714 vno
1219 1675 1446 1727 eodemque

838 1743 1019 1784 tempore
1064 1730 1220 1770 diuersis
1269 1732 1312 1770 in
1346 1732 1445 1771 locis

840 1802 961 1841 quare
992 1787 1181 1827 sustinere
1202 1798 1241 1827 et
1259 1786 1446 1840 superare

836 1845 1019 1897 potuerit.
1049 1856 1142 1894 270.
1168 1845 1233 1882 vlt.
1285 1843 1446 1883 neceffi-

835 1903 903 1940 tati
926 1915 1005 1939 non
1019 1898 1260 1940 semelceffit.
1279 1903 1440 1943 10016.

839 1958 881 1996 in
911 1957 1024 1996 bellis
1057 1969 1235 2002 concors,
1270 1956 1313 1994 in
1344 1969 1442 2008 pace

836 2010 988 2052 discors,
1020 2025 1142 2063 2077.
1176 2023 1234 2063 14.
1293 2014 1442 2051 Romae

838 2067 1022 2108 discordis
1044 2069 1153 2114 vires,
1174 2068 1332 2107 aliarum
1353 2069 1444 2108 ciui-

835 2135 956 2164 tatum
1003 2123 1258 2163 concordibus
1294 2124 1442 2163 viribus

836 2182 1019 2231 potiores.
1051 2192 1167 2232 1132.
1192 2191 1228 2231 5.
1253 2183 1443 2220 Romano-

836 2250 920 2276 rum
946 2236 1154 2275 concordia
1176 2236 1359 2286 quamdiu
1379 2235 1443 2275 fir·

834 2307 897 2332 ma
932 2290 1196 2345 permanserit.
1244 2303 1338 2344 259.
1376 2304 1439 2334 10.

839 2353 958 2390 Roma
979 2347 1257 2400 rempublicam
1280 2348 1442 2387 tracian-

837 2405 939 2445 tibus
960 2402 1103 2443 sumtus
1123 2404 1296 2454 praebet.
1316 2416 1439 2457 2351,

837 2463 902 2501 vlt.
956 2464 1076 2501 Roma
1105 2459 1371 2498 humanissima
1399 2471 1441 2500 et

833 2517 1140 2556 communiffima
1152 2516 1437 2568 ciuitas.230.1.

833 2587 928 2626 erga
962 2572 1193 2625 peregrinos
1221 2584 1336 2624 quam
1365 2571 1441 2610 hu.

831 2643 961 2671 mana.
1012 2641 1100 2684 540⁴
1135 2640 1175 2682 3.
1239 2625 1437 2681 refugium

886 2688 957 2739 Yy
1259 2685 1434 2725 omnium
