1751 3154
576 128 988 171 RERVM.

145 242 251 283 aliud
275 240 408 284 efficit.
429 249 522 293 355.
549 252 582 282 1.
613 251 684 291 per
702 247 756 278 to-

147 309 226 340 tam
252 297 451 345 fabulam,
491 308 531 336 et
560 295 756 336 sermones

867 239 956 280 ralis
977 237 1166 291 quaedam
1185 237 1284 281 inest
1293 238 1415 293 gratia
1426 248 1466 280 et

869 296 1061 335 decentia.
1291 299 1382 349 644.
1401 307 1417 336 1
1430 308 1464 337 x.

149 356 351 407 integrm,
387 353 488 393 aliud
510 353 700 404 proponit
718 362 755 396 et
810 353 1041 402 Exemplum
1072 363 1110 390 et
1137 351 1402 405 Enthymema
1428 362 1466 390 vt

144 412 249 451 aliud
273 410 402 450 efficit.
426 422 622 464 354pen.
643 408 753 449 Euri—

144 467 247 520 pidis
263 466 473 514 character,
510 477 548 505 et
569 477 657 503 cum
687 465 754 504 So-

143 522 286 576 phocle
313 522 561 574 comparatio.
595 533 688 574 423.
715 531 751 571 3.

145 578 342 632 Euripidis
363 578 479 617 diffie
500 578 632 629 qualis.
659 589 748 628 173.

146 649 188 689 4.
241 634 439 687 Euripidis
467 635 587 673 locus.
623 645 688 686 25.
715 644 749 672 1.

143 703 238 744 203.
269 703 331 735 11.
385 692 491 730 locus
520 703 568 729 ex
596 686 748 734 Oreste,

144 760 224 800 quo
246 747 431 795 docetur,
471 747 659 785 diStiones
679 741 750 782 ser-

143 805 229 844 vire
253 803 421 848 modulis
442 832 451 850 ‚
485 815 569 844 non
601 811 749 838 contra.

145 862 214 913 63.
233 871 268 911 3.
315 860 420 897 locus
439 858 488 897 de
506 863 619 910 Auga
636 869 646 901 ;
673 867 750 907 quo

146 916 324 962 docetur,
347 914 547 967 pulchram
566 909 643 951 effe
658 915 750 964 po'e-

145 970 225 1021 fin,
264 982 362 1022 quae
384 969 430 1009 ad
452 967 588 1022 prosae
611 968 748 1007 oratio-

146 1029 209 1068 nis
246 1025 538 1068 fimilitudinem
574 1024 617 1064 fit
648 1036 749 1063 com-

147 1081 278 1136 pofita.
302 1089 396 1130 218.
416 1095 510 1134 pen.
552 1080 750 1133 Euripidis

143 1138 381 1194 Melanippe
406 1151 474 1178 cur
497 1139 662 1191 Sapiens
695 1138 751 1175 in-

147 1191 341 1234 scribatur.
599 1194 747 1246 355.6.

90 1250 364 1305 Eurymedon,
384 1249 536 1292 Atticae
549 1248 646 1289 class.
659 1251 751 1288 dux.

605 1312 624 1353 g
661 1317 747 1346 .11.

90 1361 343 1416 Eurymedon
364 1391 375 1411 ‚
415 1312 672 1415 Pampiiyglizie
709 1361 747 1398 fl.

660 1430 747 1458 0-2.

91 1474 342 1529 Eurysthenis
364 1473 569 1526 expeditio
590 1425 749 1514 iii4Atti-

145 1543 241 1580 cam,
272 1540 311 1571 et
332 1530 374 1568 in
395 1530 534 1569 eadem
553 1530 747 1570 interitus,

577 1592 667 1636 805.
686 1586 748 1623 vlt.

89 1641 305 1696 Euthycles
333 1640 607 1689 Aristocratem
643 1654 750 1679 accu-

149 1695 203 1737 sat
220 1698 319 1751 legis
340 1698 518 1737 violatae.
574 1709 670 1751 725.
684 1697 748 1736 vlt.

88 1752 744 1810 Euthycritus,archonAthen.649.

686 1821 749 1848 en.

91 1864 373 1918 EuthydemuS,
393 1865 547 1905 Atticae
570 1823 689 1904 clani}
709 1865 750 1904 in

145 1923 276 1965 Sicilia
298 1921 388 1961 dux.
422 1926 513 1973 874.
539 1933 598 1973 13.
645 1920 752 1966 Thu-

150 1978 314 2034 cydides
335 1977 556 2018 Eudemum
576 1986 696 2017 vocat.

93 2034 272 2081 Eun-elis,
287 2047 378 2086 opp.
397 2034 598 2074 Boeotiae.
620 2045 750 2085 1025.

92 2091 382 2144 Euxenippus‚
434 2088 577 2131 archon
608 2089 750 2128 Athen.

147 2150 243 2198 650.
272 2160 365 2199 pen.
407 2145 584 2184 Diodoro
606 2147 752 2197 Xenjp-

152 2214 223 2252 pus
242 2203 296 2241 est
315 2216 351 2253 p.
377 2213 470 2255 774.

95 2257 429 2311 Exaggerationes
469 2269 609 2296 rerum.
653 2259 745 2299 616.

162 2325 223 2354 11.
281 2315 535 2367 exaggeratio
563 2314 670 2366 quali
693 2314 751 2351 di-

149 2369 284 2409 ctione
323 2381 547 2421 pei-texatur
579 2384 601 2409 a
630 2368 751 2423 Lyiia.

659 2439 697 2466 0.
743 2455 750 2464 .

98 2481 321 2528 Examinis‚
362 2476 425 2518 seu
454 2437 748 2532 exptorzftionig,

865 407 1061 448 differant.
1100 420 1151 460 73
1163 421 1195 450 t.
1232 422 1268 451 2.
1335 419 1466 446 exem-

864 466 1002 518 plum,
1049 465 1222 503 inductio
1262 462 1463 504 rhetorica.

864 532 956 574 730.
971 532 1011 573 7.
1036 522 1302 571 exemplorum
1322 521 1466 559 exami-

861 578 979 616 natio.
1001 579 1094 629 496.
1113 588 1171 628 ις.
1195 577 1373 628 exempla
1388 589 1465 615 ma·

860 646 1025 687 gnarum
1059 645 1188 671 rerum
1213 631 1291 672 effe
1308 630 1463 684 possunt

862 690 979 730 etiam
1014 701 1075 728 res
1106 702 1262 739 paruae.
1306 690 1395 731 166.
1426 700 1462 740 3.

932 801 939 809 .
1001 801 1009 809 .
1315 756 1408 807 49⁷·
1425 756 1464 784 2·

805 804 1038 850 Exercitatio
1073 799 1216 841 affidua
1251 802 1465 851 requiritur

863 857 912 896 ad
967 859 1105 897 artium
1152 857 1460 908 praeceptiones,

862 927 958 966 224.
982 928 1019 967 4.
1067 913 1354 952 exercitationis
1383 912 1465 950 diu-

861 980 1001 1009 turnae
1022 970 1088 1008 vis.
1103 981 1196 1009 210.
1222 981 1258 1020 5.
1279 968 1465 1007 exercita-

862 1027 917 1065 tio
935 1026 1139 1072 diuturna,
1168 1024 1303 1064 habitu
1324 1025 1362 1062 in
1385 1024 1466 1063 ani-

862 1095 970 1122 mum
998 1081 1238 1129 introdu-sto,
1279 1079 1465 1121 facillima

861 1138 992 1180 reddit
1019 1137 1248 1176 difficillima
1271 1149 1464 1187 quaeque.

867 1207 884 1237 1
897 1207 913 1235 1
927 1195 1052 1246 14.vlt.
1067 1193 1351 1233 exercitatione
1363 1205 1465 1231 com-

862 1251 987 1303 parati
1019 1250 1179 1290 dicendi
1206 1249 1318 1294 nerui
1348 1261 1391 1287 ac
1414 1248 1464 1285 la-

856 1308 966 1347 certi.
1286 1316 1380 1358 995.
1399 1315 1461 1345 12.

804 1362 1052 1406 Exhortatio:
1074 1373 1222 1413 quaere
1243 1362 1435 1402 Hortatio.

804 1420 1020 1470 Exordium
1050 1420 1142 1470 quid
1172 1418 1235 1465 iit,
1275 1428 1317 1457 et
1346 1417 1464 1468 quale

861 1473 940 1514 effe
957 1475 1112 1517 debeat.
1131 1482 1225 1528 489.
1250 1485 1311 1515 11.
1352 1486 1466 1512 exor-

860 1533 924 1572 dia
961 1531 1128 1571 rotunda
1159 1542 1464 1581 nonnunquam,

864 1601 1155 1639 nonnunquam
1178 1583 1346 1626 extensa.
1372 1592 1464 1637 387.

860 1655 899 1698 7.
922 1651 979 1694 8„
1010 1643 1170 1683 exordia
1192 1641 1295 1682 vnde
1318 1639 1466 1680 suman·

864 1709 935 1739 tur.
956 1705 1048 1753 489.
1070 1712 1161 1751 pen.
1209 1697 1361 1739 exordii
1384 1696 1467 1736 offi-

863 1757 966 1796 cium
986 1767 1026 1795 et
1042 1767 1193 1795 munus.
1216 1757 1349 1806 3868.
1370 1764 1464 1806 393.

863 1813 928 1852 vlt.
951 1819 1041 1865 855.
1064 1824 1102 1864 9.
1153 1811 1305 1849 exordii
1325 1810 1467 1862 princi-

863 1869 987 1920 pium.
1007 1875 1099 1920 387.
1112 1879 1149 1919 9.
1171 1866 1320 1905 exordii
1341 1875 1466 1916 caput.

864 1930 1026 1977 387.12.
1050 1922 1199 1961 exordii
1214 1923 1313 1962 vitia.
1331 1925 1464 1974 3863.

862 1978 1016 2019 exordii
1035 1977 1249 2018 artificium.
1279 1983 1374 2030 387.
1403 1988 1463 2030 15.

863 2034 1112 2076 exordiorum
1139 2034 1278 2073 artifex
1298 2032 1466 2087 {iugula--

862 2093 913 2131 ris
931 2090 1070 2144 Lyiias.
1100 2103 1192 2143 491.
1217 2103 1251 2141 ς.
1304 2088 1467 2130 exordio

862 2148 986 2197 qualis
1017 2147 1133 2186 diftio
1155 2146 1342 2186 tribuatur
1359 2159 1381 2185 a
1398 2150 1468 2197 Ly-

862 2204 921 2243 iia.
942 2215 1033 2255 470.
1045 2215 1081 2252 7.
1104 2202 1272 2242 exordiis
1293 2216 1396 2254 quae
1412 2202 1467 2239 di-

866 2259 982 2298 cendi
1045 2257 1171 2299 forma
1243 2261 1466 2298 conueniat.

866 2319 1050 2364 1096.12
1083 2313 1235 2354 exordii
1263 2313 1467 2354 laudabilis

864 2371 1106 2423 exemplum.
1159 2375 1300 2424 4987.
1325 2380 1465 2421 5003.

809 2428 1062 2480 Experientia
1096 2438 1137 2466 et
1161 2425 1243 2465 vsus
1262 2457 1271 2475 ,
1309 2424 1468 2464 dicendi

863 2483 1053 2537 magister.
1349 2488 1413 2534 38.
1427 2494 1465 2522 2.

154 2537 262 2576 modi
285 2538 374 2574 duo.
397 2539 538 2590 6445.
562 2538 754 2576 examinis
811 2540 1005 2592 Exponitio
1045 2537 1251 2580 nominum
1282 2538 1324 2576 in
1353 2536 1467 2576 histo·

155 2593 275 2632 critici
297 2589 451 2630 summa.

98 2649 398 2702 Exemplaribua
441 2605 760 2690 omnifids4'1i'ftii’-

871 2597 946 2636 rica
971 2595 1168 2642 oratione,
1205 2590 1405 2644 sophistica
1426 2601 1466 2632 et

873 2648 1015 2692 inscita.
1033 2663 1127 2704 929.
1147 2663 1184 2693 2.
1223 2649 1468 2702 expofitione

930 2707 1032 2748 Bbb
1063 2720 1092 2760 4
1284 2718 1471 2760 gramma·
