1751 3154
591 117 1004 159 RERVM.

167 228 404 284 permittitur
422 241 442 267 a
454 225 763 281 senatu.t673.8.

174 293 289 339 1789.
312 296 347 336 ς.
374 283 562 326 Consules
583 280 762 323 successu-

168 355 232 383 ros
254 340 324 380 fibi
353 339 526 381 consules
546 340 761 393 defignant.

168 409 286 451 1911.
301 409 386 449 24.
409 397 570 437 Consuli
591 399 629 435 in
650 408 761 448 proe-

163 454 219 494 lio
239 453 447 492 interemto
460 451 639 492 sufficitur
649 453 756 490 alius.

162 520 286 561 2031.
332 522 363 551 1.
428 508 608 551 Consulis
645 508 756 546 vnius

163 566 335 605 artiones
365 578 438 605 nee
465 566 664 619 legitimae
694 563 756 601 ha-

161 620 320 671 bentur,
347 635 419 662 nec
437 635 548 661 ratae.
575 632 695 671 2031.
718 631 754 670 3.

159 675 305 718 Consul
355 676 490 717 absens
534 687 573 715 et
609 677 755 715 inuitus

157 745 309 773 creatur
333 739 404 785 Ap.
418 734 611 781 Claudius,
635 731 754 783 Appii

157 788 187 829 f.
211 797 326 840 1858.
347 802 384 843 9.
429 787 572 830 Consul
598 803 618 826 a
637 788 754 828 diua-

157 855 243 885 τοι-ε
261 848 434 898 priuatur
445 846 618 896 impetiO.
631 856 752 896 2055.

688 901 752 939 vlt.

102 954 293 1000 Consules
311 957 358 996 ad
378 955 617 996 tribunorum
637 958 753 995 colle-

875 227 992 265 creati
1015 227 1238 268 decemuiri.
1262 239 1383 282 2141.
1408 238 1470 271 10.

875 279 1068 324 Consules
1108 281 1253 324 rursum
1288 284 1373 336 post
1407 286 1474 324 de·

871 339 1062 376 cemuiros
1103 354 1123 377 a
1158 341 1308 392 populo
1337 352 1472 380 centu-

871 394 977 433 riatis
998 393 1163 434 comitiis
1175 398 1469 449 creati.2273⁴3.

867 463 939 502 pro
963 448 1080 490 confl'.
1102 453 1215 490 creati
1237 452 1380 490 tribuni
1402 453 1470 491 mi·

869 507 1012 546 litares.
1041 518 1162 558 2305.
1185 513 1220 553 8.
1273 505 1467 547 Consules

862 563 1008 602 iterum
1062 575 1133 615 pro
1181 561 1343 601 tribunis
1384 565 1465 603 mil.

866 630 1056 658 creantur.
1292 623 1412 669 2306.
1426 631 1467 671 ς.

863 673 1078 715 Consulum
1098 672 1466 725 ministriaplebeiis

864 730 1076 784 pulsantur.
1102 743 1219 783 1119.
1239 741 1278 783 7.
1318 730 1466 769 Consu-

864 789 945 827 lum
973 787 1093 827 vessis.
1118 798 1212 839 954.
1236 788 1274 828 6.
1318 782 1468 825 Consu-

866 844 946 883 lum
968 854 1195 883 ornamenta
1213 840 1298 894 post
1318 842 1465 881 eiec'los

863 913 992 954 reges.
1051 911 1143 954 570.
1188 910 1249 951 14.
1297 904 1388 950 817.
1429 909 1463 939 1.

1098 966 1215 1008 1029.
1230 968 1268 1007 4.
1290 963 1462 1004 21515.

156 1013 263 1068 gium
292 1014 454 1052 citantur
471 1013 518 1052 ab
538 1014 642 1052 lcilio
667 1012 750 1051 trib.
807 1009 1026 1053 Consularis
1065 1010 1114 1050 ob
1152 1023 1232 1050 rem
1261 1022 1303 1048 in
1332 1007 1468 1047 consu-

155 1071 210 1123 pl.
239 1081 358 1122 2073.
385 1081 416 1110 1.
470 1082 556 1108 cum
585 1069 752 1108 tribunis

155 1126 396 1164 altercantur.
427 1136 546 1179 2074.
579 1137 640 1178 15.
704 1124 752 1163 ad

154 1180 420 1220 eneruandam
433 1181 674 1220 tribunorum
688 1194 753 1232 po-

151 1238 336 1283 tentiam,
365 1238 515 1288 aliquos
536 1250 585 1276 ex
607 1250 654 1276 eo
676 1238 751 1275 col-

151 1294 260 1346 legio
280 1291 487 1331 familiares
508 1293 573 1332 fibi
591 1292 748 1332 faciunt.

156 1360 274 1401 1741.
297 1356 332 1397 3.
380 1347 589 1389 Consulem
614 1351 654 1388 in
676 1362 749 1388 car-

148 1417 276 1444 cerem
288 1403 424 1443 abduci
441 1405 746 1445 iubenttribuni.

152 1468 273 1513 1873.
297 1472 359 1502 11.
389 1459 535 1501 Consul
555 1474 641 1500 cum
663 1461 747 1500 trib.

151 1516 204 1555 de
223 1517 356 1554 violata
375 1516 611 1569 magistratus
630 1515 682 1556 sui
696 1517 748 1555 di-

149 1573 300 1626 gnitate
318 1573 542 1623 expostulat.
562 1580 745 1626 187413.

147 1624 343 1670 Consules
369 1641 390 1666 a
422 1629 585 1667 tribunis
614 1631 652 1667 in
681 1642 748 1679 po-

147 1684 232 1737 puli
244 1683 428 1722 iudicium
440 1686 615 1724 citantur.
626 1692 746 1733 2080.

143 1752 183 1794 9.
239 1737 424 1781 Consules
458 1753 545 1780 cum
579 1743 619 1780 in
649 1741 747 1779 iudi-

150 1797 251 1835 cium
287 1795 452 1848 pertrahi
481 1810 563 1835 non
591 1796 742 1849 poffint,

148 1851 344 1890 adiutores
390 1864 524 1890 eorum
560 1854 748 1903 arripiun-

148 1917 222 1947 tur.
247 1914 368 1958 2084.
385 1919 417 1947 1.
437 1919 556 1949 2101.
574 1921 607 1950 1.
636 1910 745 1949 Con·

147 1960 246 2003 sules
284 1961 559 2013 rempublicam
590 1962 635 2001 ad
666 1963 745 2014 ple-

147 2018 207 2059 bis
222 2018 394 2058 fauorem
415 2017 745 2057 administrat-ein-

862 1070 939 1108 latu
968 1067 1070 1107 male
1088 1066 1232 1120 gestam
1253 1080 1272 1104 a
1297 1065 1463 1104 tribunis

862 1126 903 1163 in
933 1124 1116 1163 iudicium
1141 1133 1308 1161 vocatur.
1343 1128 1461 1173 1817.

865 1193 927 1223 10.
954 1188 1115 1232 18209.
1142 1175 1355 1220 Consulatu
1376 1176 1462 1215 fun-

863 1239 944 1274 &us
961 1238 1105 1277 Gallius
1125 1236 1163 1273 in
1184 1234 1372 1272 iudicium
1397 1245 1462 1271 vo-

861 1303 967 1331 catur
995 1306 1016 1330 a
1043 1290 1305 1343 quaestoribus
1331 1287 1382 1327 ob
1405 1286 1462 1326 af-

859 1347 1036 1388 fefilatarn
1060 1346 1320 1401 tyrannidem.
1341 1348 1460 1397 1695.

865 1416 925 1446 10.
983 1399 1215 1444 Consulares
1245 1416 1265 1439 a
1297 1400 1460 1441 tribunis

858 1462 911 1513 pl.
932 1461 973 1498 in
993 1461 1178 1499 iudicium
1200 1467 1388 1497 vocantur
1406 1455 1456 1493 ob

857 1517 1076 1569 negleftam
1122 1528 1205 1555 retn
1251 1513 1453 1565 agrariam.

862 1579 979 1625 1845.
1001 1586 1091 1623 pen.
1140 1567 1371 1610 Consulares
1392 1580 1457 1605 cur

857 1630 1025 1681 pecunia
1050 1627 1219 1666 mulElati
1240 1639 1261 1664 a
1283 1624 1456 1671 tribunis,

858 1697 940 1723 non
961 1686 1096 1736 capite.
1117 1694 1237 1735 2123.
1261 1692 1322 1722 10·
1353 1681 1455 1721 Con-

853 1737 996 1779 sulares
1014 1739 1246 1780 sententiam
1266 1735 1457 1789 rogaban-

857 1807 919 1835 tur
957 1809 1028 1848 pro
1047 1796 1181 1835 aetatis
1221 1791 1454 1832 discrimine.

858 1863 978 1905 1194.
998 1865 1031 1905 3.
1067 1849 1341 1894 Consularium
1361 1858 1455 1885 natu

856 1919 896 1946 et
916 1911 1066 1947 honore
1085 1908 1324 1959 praecipuus,
1344 1902 1456 1954 patri·

854 1962 926 2002 bus
946 1962 1229 2009 haesitantibus,
1255 1959 1347 1998 vtile
1366 1970 1455 1996 con-

853 2017 974 2058 silium
994 2020 1146 2069 promit.
1285 2019 1452 2066 1018.4.

148 2076 311 2127 cipiunt.
350 2086 528 2127 2119.1.
565 2087 685 2126 2124.
708 2087 744 2126 ς.
798 2073 1018 2114 Consularis
1067 2071 1230 2125 potestas
1278 2071 1451 2109 limitata.

150 2129 343 2172 Consules
397 2132 589 2182 priuatum
636 2130 743 2168 domi

149 2184 239 2225 suae
259 2184 431 2225 senatum
451 2185 604 2225 habent.
624 2197 744 2237 2291.

150 2253 190 2282 2.
238 2241 287 2280 de
306 2240 519 2282 Consulum
545 2242 745 2281 creatione

147 2296 260 2350 plebs
288 2310 375 2336 cum
395 2298 562 2347 patriciis
584 2308 744 2336 conten·

148 2353 226 2397 dit3
248 2351 334 2391 suae
352 2352 530 2392 factionis
547 2352 743 2407 magistra-

151 2419 235 2448 tum
255 2410 400 2458 vtrique
416 2420 608 2462 vrgentes.
627 2420 742 2462 1732.

154 2475 191 2506 1.
230 2461 442 2503 Consulum
459 2466 554 2503 alter
577 2478 599 2503 e
618 2465 743 2517 plebis

150 2517 379 2564 fautoribus,
406 2520 501 2558 alter
520 2533 567 2559 ex
586 2522 745 2571 optima-

149 2586 230 2614 tum
244 2575 411 2614 sauione
425 2576 744 2629 legitur.1734.7.

153 2638 270 2685 1733.
290 2642 380 2682 pen.
428 2644 499 2683 pro
525 2630 748 2672 consulibus

856 2135 948 2176 820.
966 2141 1026 2171 11.
1046 2127 1270 2170 Consularis
1291 2124 1453 2178 potesta-

855 2186 902 2224 tis
921 2183 1083 2239 insignia
1103 2184 1321 2223 moderatur
1332 2184 1369 2222 P.
1381 2183 1456 2220 Va-

854 2242 973 2280 letius
994 2241 1210 2292 Poplicola,
1243 2239 1291 2278 ad
1312 2239 1452 2276 leuan-

854 2297 939 2336 dam
953 2297 1153 2336 inuidiam.
1169 2303 1449 2348 1029-5-2151.

851 2366 888 2395 2.
927 2350 1150 2394 Consularis
1171 2349 1364 2403 potestatis
1387 2347 1454 2385 ob·

850 2407 1060 2449 seruatores
1103 2418 1143 2447 et
1187 2405 1452 2446 moderatores

856 2463 1062 2506 senatores.
1089 2474 1206 2516 1441.
1225 2476 1263 2514 4.
1304 2456 1454 2502 Consu·

855 2522 924 2560 lari
953 2519 1126 2573 potestati
1157 2519 1291 2557 denuo
1310 2514 1454 2555 subtra-

854 2576 960 2616 hitur
996 2575 1194 2627 quidpiam
1228 2587 1249 2611 a
1275 2570 1361 2611 trib.
1392 2569 1446 2620 pl.

852 2643 973 2686 2071.
1001 2635 1063 2675 16.
1103 2626 1323 2673 Consularis
1341 2634 1452 2679 pote·

907 2690 960 2729 ὃς
991 2699 1014 2740 3
1044 2683 1046 2685 ’
1377 2680 1451 2721 stas
