1751 3154
770 130 1153 173 tNDEx

269 240 534 297 ‘Ganymedis
559 251 701 294 raptus.
800 244 947 294 265.8.

287 301 406 347 Gaza,
428 300 564 351 Syriae
586 297 686 340 vrbs.
801 310 890 351 123.
905 306 942 348 8.

288 357 416 404 Geloi,
428 356 594 406 populus
605 354 768 395 Siciliae.
779 362 832 406 78
845 367 946 397 1.10.

288 412 622 464 Genealogiarum
649 409 864 464 scriptorem,
891 422 945 451 te-

306 496 310 500 .
346 469 414 507 nui
436 468 610 506 diEtione
627 467 690 507 vsi.
802 471 897 522 956.
911 480 947 520 5.

289 521 492 566 Generosa
511 525 640 563 diecio.
660 535 726 577 71.
751 537 787 566 1.
830 537 951 577 gene-

346 579 419 620 rofi
440 581 603 621 moduli.
803 590 871 625 70.
888 592 948 631 14.

290 636 498 677 Genitiuus
523 635 625 677 casus
643 648 714 689 pro
733 636 948 676 accusatiuo

349 690 545 748 vsurpatus
580 707 603 733 a
627 691 810 747 Thucyd.
855 699 948 741 800.

886 761 903 791 1
941 779 949 787 .

290 805 402 846 Gens
430 803 599 856 duplex,
639 805 786 844 Graeca
805 813 843 843 et
864 762 951 842 bai·-

346 860 447 900 bara.
465 873 562 912 400.
582 871 643 901 10.
665 872 836 912 403.11.
856 873 952 913 gen-

346 918 443 956 tium
470 928 598 954 mores
617 915 767 955 diuet-fi.
788 928 951 971 400.11.

346 973 526 1025 gentium
564 972 741 1011 conuicia
771 984 795 1011 e
831 972 952 1011 mori-

341 1027 427 1066 bus.
805 1038 950 1080 4025.

289 1084 477 1124 Genuum
503 1079 698 1138 prensatio
730 1084 772 1123 :in
797 1084 950 1137 petitio-

345 1153 411 1179 ne.
802 1142 898 1193 367.
913 1142 952 1183 6.

291 1198 429 1237 Genus
454 1206 495 1235 et
524 1196 709 1249 cognatio
737 1209 866 1236 mores
890 1210 952 1237 va-

344 1253 427 1293 riat.
447 1265 540 1306 404.
561 1266 600 1294 2.
633 1255 795 1306 generis
814 1252 954 1292 nobili-

347 1319 404 1347 tas
429 1323 449 1347 a
478 1309 655 1348 maim-ib.
675 1319 713 1347 et
730 1309 849 1348 natali
869 1306 950 1348 solo

345 1363 633 1404 commendata.
656 1372 825 1417 1038.2.
858 1361 952 1407 Vise

346 1433 388 1461 et
414 1421 617 1461 Nobilitas.
678 1423 880 1461 Generum
909 1422 951 1461 in

342 1478 570 1517 nominibus
593 1478 768 1517 mutatio.
797 1490 892 1531 799.
915 1490 950 1530 3.

345 1546 541 1588 generum
561 1534 724 1572 mutatio
756 1533 953 1585 (masculi-

348 1603 494 1632 norum
541 1586 687 1628 scilicet
728 1591 770 1630 in
816 1589 954 1629 foemi-

348 1646 458 1691 nina,
487 1646 549 1684 vel
571 1656 717 1690 neutra,
741 1657 780 1684 et
800 1648 950 1698 contra)

348 1699 467 1752 saepe
496 1700 819 1754 compositionem
847 1702 951 1740 adiu-

349 1767 424 1797 vat.
804 1768 871 1810 41.
888 1770 950 1798 10.

292 1813 532 1866 Glaucippus
553 1843 563 1862 ,
613 1811 759 1853 archon
801 1812 950 1858 Athen.

800 1882 894 1923 497·
910 1875 948 1917 8·

293 1926 453 1974 Glauco,
473 1924 664 1965 Aristonis
674 1924 784 1965 filius.
807 1938 899 1979 209.
916 1936 952 1980 5.

293 1984 428 2022 Gloria
468 1993 558 2022 cum
588 1983 742 2024 coronis
769 1980 954 2035 augescit.

780 2042 954 2091 276.12.

293 2092 474 2135 aduersus
493 2094 693 2136 Gnodium
718 2093 874 2144 (forsan
898 2107 954 2134 re-

347 2151 442 2190 &ius
460 2151 726 2198 Gnofidicum‚
746 2149 953 2192 authosi-

347 2205 510 2258 theum)
536 2209 659 2246 oratio
680 2207 866 2248 Dinarchi
900 2207 952 2246 de

350 2264 529 2314 pecuniis
548 2264 774 2314 Har-palicis.
805 2266 898 2316 654.
914 2275 950 2307 2.

296 2318 573 2371 Gnomologiis
624 2318 708 2359 suus
747 2334 767 2358 a
804 2322 951 2359 Demo-

352 2374 493 2414 sthene
545 2373 709 2414 tributus
746 2374 950 2413 charafiler.

781 2442 830 2472 10
892 2460 898 2466 -
916 2441 949 2470 Ι.

297 2486 463 2539 Gorgias
492 2487 707 2526 Leontinus
739 2442 952 2538 sapie9n9tiae

349 2543 517 2582 nomine
554 2555 624 2594 per
654 2544 855 2583 Graeciam
886 2543 957 2580 cla-

355 2611 428 2638 rus.
451 2612 543 2652 535.
567 2611 603 2639 2.
633 2599 834 2652 legatione
854 2597 956 2648 apud

355 2654 621 2699 Athenienses
642 2654 827 2710 fungens,
849 2654 957 2693 audi·

1060 252 1161 284 tores
1189 241 1362 283 diffione
1393 239 1457 283 sua
1484 241 1662 295 obstupe·

1057 300 1160 339 fecit.
1186 307 1280 354 458.
1303 302 1366 340 vlt.
1404 312 1498 351 quas
1519 298 1662 351 figuras

1058 353 1252 396 affeetarit.
1275 367 1368 410 792.
1394 367 1456 409 13.
1508 367 1602 406 quas
1621 353 1663 393 fi-

1058 424 1172 465 guras
1205 410 1436 463 frequenter
1465 408 1661 462 vsurparit.

1063 475 1155 517 808.
1185 480 1222 521 5.
1270 469 1434 522 Gorgias
1462 465 1662 506 confusum

1062 525 1323 564 doen-inarum
1354 537 1483 579 genus
1508 521 1664 575 profite-

1061 580 1184 620 batur.
1206 585 1298 635 536.
1317 595 1354 623 2.
1401 582 1451 619 de
1471 578 1665 631 tempesti-

1063 638 1188 677 vitatis
1212 636 1371 679 artificio
1391 635 1490 676 nihil
1511 633 1664 687 scripsit,

1063 692 1168 746 quod
1189 692 1232 732 fit
1252 693 1523 733 memorabile.
1547 694 1662 743 68.4.

1063 764 1085 790 a
1113 751 1277 789 Platone
1307 760 1462 788 taxatus.
1502 751 1596 801 756.
1623 761 1664 800 4.

1061 808 1262 859 Gorgiana
1292 806 1473 845 elocutio.
1490 806 1592 855 ³458.
1623 814 1663 843 2.

1063 864 1237 915 Gorgiae
1266 861 1382 901 dictio
1409 859 1568 901 modum
1598 870 1665 898 ex-

1061 917 1161 958 cedit
1189 919 1230 956 in
1259 917 1412 972 figuris,
1451 918 1566 956 itavt
1585 914 1664 954 vbi-

1061 987 1139 1025 que
1172 973 1215 1013 {it
1240 975 1388 1013 ludicra
1419 985 1460 1014 et
1487 971 1663 1025 puerilis.

1060 1034 1155 1083 625.
1179 1041 1238 1083 13.
1260 1032 1430 1084 Gorgiae
1449 1040 1489 1068 et
1507 1026 1665 1079 Thucy.

1064 1085 1166 1125 didis
1185 1085 1364 1131 strucftura
1375 1084 1553 1126 sublimis.
1565 1086 1664 1137 762.

1066 1154 1103 1196 ς.
1123 1143 1217 1200 764.
1240 1155 1333 1193 pen.
1383 1143 1607 1194 Gorgianae
1623 1137 1667 1178 fi-

1065 1210 1198 1250 gurae.
1225 1201 1317 1251 869.
1341 1209 1375 1248 5.
1424 1198 1666 1250 Gorgianam

1064 1252 1241 1305 phrasin,
1282 1264 1323 1293 et
1341 1252 1480 1306 figuras
1502 1252 1666 1305 Gorgia-

1061 1323 1143 1358 na8‚
1169 1308 1551 1362 expreffitlsocrates.
1569 1310 1665 1362 963.
1726 1326 1730 1330 ·

1064 1377 1099 1418 3.
1125 1377 1186 1408 11.
1235 1368 1460 1418 Gorgianae
1481 1364 1667 1403 elocutio-

1060 1424 1122 1462 nis
1141 1421 1304 1476 figurae,
1337 1419 1542 1463 taediosae.
1572 1422 1667 1473 760.

1602 1487 1667 1518 10.

1009 1537 1146 1588 Gorgo
1168 1534 1264 1574 truci
1283 1531 1475 1585 adspesffi,
1494 1537 1559 1586 98.
1572 1544 1665 1583 pen.

1010 1591 1172 1637 Graecia
1214 1601 1308 1630 ante
1349 1590 1494 1629 bellum
1534 1589 1665 1627 Troia⁴

1064 1659 1158 1684 num
1187 1659 1266 1685 non
1292 1645 1560 1697 appellabatur
1586 1655 1664 1682 vno

1062 1702 1244 1740 nomine.
1282 1705 1370 1754 856.
1403 1714 1442 1754 4.
1501 1699 1666 1740 Graecia

1063 1771 1146 1798 non
1172 1756 1247 1796 fuit
1267 1758 1358 1796 olim
1378 1755 1540 1795 firmiter
1560 1754 1667 1794 habi·

1064 1824 1149 1854 tata.
1176 1814 1265 1867 164.
1290 1825 1353 1854 10.
1374 1820 1465 1865 872.
1496 1823 1527 1853 1.
1547 1812 1667 1851 Grae-

1066 1871 1151 1908 ciae
1186 1870 1394 1921 imperium
1433 1879 1558 1920 penes
1584 1878 1665 1914 eos,

1068 1928 1135 1977 qui
1157 1938 1262 1964 mare
1274 1924 1509 1964 obtinerent.
1527 1935 1616 1977 522·
1626 1925 1665 1964 6.

1063 1982 1228 2022 Graecia
1257 1979 1453 2035 probrosa.
1503 1992 1595 2031 521.
1625 1990 1664 2033 7.

1068 2039 1230 2079 Graecia
1258 2040 1380 2078 altero
1408 2037 1519 2076 oculo
1543 2045 1665 2087 capta.

1063 2105 1155 2150 734.
1168 2107 1202 2147 3.
1224 2093 1376 2142 Graeci,
1397 2090 1551 2144 semper
1569 2102 1666 2142 pue-

1063 2151 1093 2190 ri
1114 2181 1123 2198 ,
1175 2148 1387 2190 secundum
1434 2147 1662 2200 Aegyptios.

1061 2219 1154 2262 400.
1182 2218 1243 2257 15.
1289 2202 1574 2256 disciplinarum
1608 2215 1666 2241 ca-

1064 2264 1252 2314 paciores,
1276 2273 1369 2312 403.
1397 2272 1432 2312 3.
1453 2273 1532 2312 quo
1551 2255 1668 2299 artifi-

1063 2319 1123 2357 cio
1159 2317 1204 2355 ad
1227 2319 1385 2356 Troiam
1404 2316 1450 2356 ab
1473 2313 1605 2369 Vlyfse
1626 2324 1667 2353 et
1736 2327 1743 2354 ὲ.

1060 2372 1222 2412 Nestore
1241 2374 1503 2413 detineantur.
1525 2382 1664 2425 3054.
1740 2394 1741 2399 =

1061 2431 1219 2470 Graecis
1251 2430 1383 2482 legum
1416 2439 1456 2467 et
1477 2427 1666 2467 libertatis
1740 2425 1742 2469 ξ

1058 2483 1152 2524 vsuae
1188 2488 1244 2527 ius
1281 2499 1331 2524 ex
1368 2486 1477 2535 paeto
1512 2479 1667 2535 promis-

1067 2539 1163 2581 sum.
1189 2553 1280 2595 573.
1294 2555 1329 2591 4.
1351 2543 1586 2581 Graecorum
1603 2551 1666 2577 ve·
1734 2559 1736 2571 ι

1068 2609 1195 2637 terum
1215 2597 1359 2637 laudes.
1380 2609 1469 2650 544.
1490 2601 1523 2643 8.
1548 2596 1666 2635 Grae-
1733 2628 1735 2643 ζ

1068 2667 1202 2695 corum
1218 2666 1380 2706 corpora
1401 2652 1560 2693 venalia.
1572 2661 1666 2702 522.
1732 2646 1736 2678 ¹

1627 2718 1665 2760 7.
