1751 3154
785 135 1155 179 INDEX

365 245 528 300 pulchra
573 255 614 286 et
659 242 787 287 fuauia
820 247 961 301 quibus
1015 248 1274 304 Nugatorium
1311 248 1490 290 difflonis
1529 261 1671 350 ςεηυῐε.

367 303 516 342 condiri
560 302 608 341 ab
648 306 820 343 Homero
860 303 962 344 scita·

363 361 508 398 mentis
531 356 688 399 soleant.
711 372 797 402 102
822 373 854 403 1
893 374 963 400 no-

364 415 471 454 mina
497 416 658 466 poetica,
691 414 960 469 gloffematica‚

365 473 590 524 peregrina,
620 473 777 524 tropica,
806 472 958 520 faturia,

362 526 466 578 poesi
498 525 720 568 suauitatem
738 530 961 568 conciliant.

363 594 455 636 195·
492 595 552 625 10.
618 586 776 624 Nomen
828 598 963 626 vnum-

362 639 549 690 quodque
580 640 830 692 compofitum
859 638 962 680 sorti-

363 706 427 733 tur
452 709 474 734 a
505 696 830 747 praedominante
860 709 961 735 com-

361 749 559 803 positionis
594 764 713 802 par.te
768 753 884 818 1068
923 754 960 795 6-

361 807 687 846 nominetantum
699 810 791 848 noti.
799 811 890 862 863
890 820 960 872 ‘13-

361 865 526 902 nomine
550 863 692 902 eodem
722 864 842 903 diffres
863 864 963 903 viros

358 918 595 970 praestantes
634 917 852 971 conscripstt
880 923 958 961 De-

356 985 439 1012 mus
457 973 693 1027 MagnesmS.
813 977 905 1025 631.
926 987 957 1016 1·

301 1029 484 1074 Nomina,
505 1043 634 1070 rerum
646 1027 958 1070 substantiamin-

358 1085 509 1131 dicant3
531 1088 656 1133 verba,
670 1086 884 1126 earundem
899 1099 958 1125 ac-

353 1140 538 1182 cidentia.
581 1154 740 1195 33.11
794 1144 956 1181 nomina

354 1194 585 1238 substantiua
605 1209 645 1238 et
662 1198 863 1246 edietum-21,
889 1211 957 1250 ap·

350 1254 536 1304 pellatiua
558 1266 596 1293 et
619 1252 870 1302 substantiua,
905 1267 955 1293 an

354 1309 500 1353 eodem
547 1308 698 1361 semper
735 1310 874 1350 ordine
912 1311 955 1349 in

304 1389 308 1392 -
349 1366 539 1405 orationis
565 1377 744 1406 contextu
768 1367 828 1406 vel
848 1378 956 1418 prae-

354 1433 565 1474 ponantur,
586 1422 646 1461 vel
662 1421 954 1474 postponantur.

348 1489 416 1531 37.
442 1491 502 1519 10.
553 1479 717 1517 nomina
734 1492 783 1517 an
802 1476 954 1529 semper

347 1533 476 1573 verbis
503 1535 783 1586 praeponenda
802 1535 844 1572 in
867 1547 951 1572 ora·

349 1589 467 1628 tionis
488 1601 688 1630 contextu.
710 1602 774 1643 33.
801 1602 860 1631 10.
881 1603 951 1628 no-

347 1646 460 1684 mina
507 1647 546 1685 in
596 1646 714 1686 verba
764 1658 949 1684 nonnun-

345 1713 463 1751 quam
491 1711 695 1742 vertuntur
719 1715 742 1740 a
767 1699 946 1753 Thucyd.

344 1760 440 1809 796.
464 1760 500 1798 6.
546 1758 749 1796 nominum
769 1755 946 1796 acciden-

347 1812 411 1850 tia.
437 1824 636 1864 1115.12.
662 1813 867 1851 nominum
889 1823 947 1850 ca-

341 1865 402 1907 sus
435 1866 548 1919 saepe
570 1878 768 1907 mutantur
790 1867 946 1906 concin-

342 1924 471 1963 nitatis
491 1926 625 1978 gratia.
645 1926 711 1966 66.
727 1924 790 1962 vlt.
811 1923 946 1964 Nomi·

294 2006 295 2009 =
345 1981 425 2020 nali
445 1979 566 2020 forma
585 1980 794 2023 enunciata
813 1978 941 2018 verba.

285 2094 444 2134 Nouem
478 2092 665 2144 triplicata
684 2120 695 2141 ‚
730 2041 941 2133 sat,7?1{1}g:

283 2206 463 2244 Nouerca
483 2213 596 2244 terra.
772 2153 939 2255 ἓξὲξ.

283 2261 470 2301 Nouitate
493 2258 648 2297 dicendi
661 2260 872 2309 percellere
888 2269 939 2296 at-

338 2328 416 2366 que
463 2313 751 2366 obstupefacere
794 2313 938 2352 audito-

336 2384 411 2410 τες.
792 2375 885 2421 458.
905 2379 936 2409 1.

281 2427 442 2468 Nudare
468 2437 608 2477 corpus
630 2425 671 2463 in
692 2424 937 2463 exercitatio·

335 2483 448 2522 nibus
466 2492 681 2531 coeperunt
698 2480 810 2531 primi
825 2484 936 2519 Lace-

333 2539 545 2578 daemonii.
572 2540 662 2588 856.
688 2548 749 2578 12.
787 2535 934 2574 nudam

335 2593 468 2639 videte
486 2594 702 2643 mulierem,
724 2591 846 2632 nefas.
872 2598 934 2640 18.

833 2659 926 2706 pen.

996 2148 1165 2199 Nuptiae
1184 2176 1194 2194 ‚

1548 314 1654 356 28·1

1016 363 1211 402 Numerus
1222 371 1261 400 et
1271 361 1469 408 Pes,idem.
1486 373 1670 415 104pen,

1069 429 1256 457 numerus
1275 418 1456 457 metricus
1469 416 1634 458 nascitur
1646 431 1672 459 e

1073 473 1238 523 partium
1276 473 1460 512 orationis
1489 475 1673 525 tempori-

1072 529 1157 568 bus.
1190 540 1305 583 1105.
1329 536 1364 579 8.
1391 542 1574 569 numerus
1592 542 1673 570 me-

1073 586 1186 624 tricus
1214 585 1440 632 occultatur,
1481 584 1505 624 fi
1532 591 1671 637 poema

1072 639 1280 681 secundum
1317 638 1452 693 prosae
1481 643 1669 682 orationis

1072 697 1338 737 distinctiones
1358 697 1520 749 legatur.
1534 708 1669 750 2213.

1073 765 1326 792 numerorum
1339 754 1588 791 oratoriorum
1602 765 1671 807 ge·

1073 822 1169 849 nera
1187 809 1276 847 duo.
1302 820 1417 861 1093.
1442 820 1502 851 10.
1533 820 1670 848 nume-

1073 878 1201 904 rorum
1215 866 1468 904 oratoriorum
1483 877 1552 916 pro
1567 877 1669 904 com·

1068 919 1267 972 positionis
1285 921 1468 960 varietate
1486 917 1669 960 differen-

1070 977 1131 1014 tia
1158 988 1274 1025 1071
1299 988 1359 1017 12.
1400 988 1666 1025 numerorum,

1067 1028 1133 1070 seu
1155 1031 1318 1082 pedum,
1358 1032 1399 1070 in
1420 1031 1668 1088 compositio-

1066 1086 1126 1127 nis
1145 1086 1284 1126 effectu
1298 1085 1530 1136 differentia
1549 1101 1565 1130 1
1577 1098 1664 1140 103·

1070 1156 1107 1198 9.
1148 1156 1332 1182 numerus
1350 1143 1483 1182 nullus
1502 1156 1525 1182 e
1544 1141 1666 1183 soluta

1068 1198 1240 1237 dictione
1259 1198 1490 1241 excluditur.
1507 1210 1522 1240 1
1534 1211 1663 1252 12-14.

1067 1267 1252 1294 numerus
1291 1253 1339 1294 ad
1376 1265 1486 1294 aures
1516 1253 1665 1294 demul-

1067 1310 1212 1350 cendas
1253 1310 1461 1349 maximam
1492 1306 1568 1349 vim
1599 1309 1664 1349 ha-

1067 1366 1146 1406 bet.
1173 1378 1289 1419 1071.
1311 1367 1375 1405 vlt.
1407 1377 1593 1405 numerus
1613 1364 1664 1406 ad

1066 1422 1352 1472 competitionis
1375 1422 1602 1475 grauitatem
1624 1431 1664 1462 et

1063 1477 1394 1531 magnificentiam
1424 1478 1662 1529 permultum

1064 1533 1227 1574 confert.
1253 1546 1341 1586 104.
1362 1545 1397 1586 5.
1420 1534 1470 1572 de
1491 1534 1662 1573 numeris

1062 1591 1238 1630 oratoriis
1266 1589 1420 1628 tradidit
1437 1590 1552 1633 etiam
1574 1590 1662 1630 Ari·

1059 1646 1230 1685 stoteles.
1254 1657 1343 1697 197.
1361 1657 1420 1697 14·
1436 1657 1496 1698 15.
1515 1647 1660 1692 Nume-

1059 1699 1142 1741 rosa
1159 1702 1280 1740 oratio
1299 1713 1410 1752 quae.
1433 1710 1519 1753 197.
1532 1714 1569 1753 4.
1588 1713 1659 1739 nu·

1059 1754 1207 1797 merosa
1248 1757 1514 1796 concinnitate
1553 1756 1659 1795 dele-

1055 1813 1202 1852 &amur
1224 1823 1372 1850 omnes.
1396 1823 1460 1865 55.
1484 1822 1545 1854 11.
1579 1813 1657 1851 Nu-

1053 1869 1150 1908 meri
1179 1865 1463 1908 transmutatio:
1499 1877 1537 1906 vt
1560 1864 1656 1906 scili-

1053 1935 1115 1963 cet
1156 1924 1318 1976 pluralia
1357 1936 1427 1976 pro
1454 1922 1656 1976 singulari-

1054 1979 1125 2018 bus
1164 1989 1391 2031 ponantur,
1436 1989 1476 2017 et
1507 1989 1652 2022 contra.

1050 2037 1185 2088 936.1.
1205 2036 1355 2074 numeri
1369 2031 1652 2086 mutatiosaepe

1051 2090 1371 2143 compositionem
1388 2091 1506 2129 iuuat.
1535 2101 1649 2142 41·7·

1247 2145 1388 2186 festum
1437 2144 1649 2196 quoddam.

1051 2215 1146 2256 249.
1175 2214 1213 2254 7.
1264 2202 1484 2252 nuptiarum
1513 2200 1648 2240 laudes

1047 2259 1154 2297 vnde
1179 2257 1260 2308 peti
1286 2256 1437 2308 poffint.
1466 2267 1644 2319 23413-

1049 2313 1275 2364 nuptiarum
1312 2313 1484 2352 au&ores
1523 2322 1563 2351 et
1587 2312 1646 2351 in·

1045 2379 1225 2408 ventor-es
1253 2367 1320 2407 dii.
1358 2380 1451 2428 235.
1479 2380 1516 2411 2.
1578 2380 1646 2406 nu-

1047 2424 1154 2476 ptiae
1192 2423 1395 2463 hominum
1433 2434 1473 2463 et
1507 2422 1645 2462 bruto-

1044 2493 1126 2519 rum
1153 2489 1191 2518 vt
1214 2477 1406 2520 differant.
1436 2491 1526 2533 235·
1548 2490 1641 2530 pen.

1044 2537 1202 2586 Quaere
1226 2546 1263 2574 et
1288 2534 1508 2576 connubia.
1562 2537 1642 2573 Nu·

1045 2591 1180 2642 ptiales
1197 2590 1261 2631 dii.
1283 2603 1374 2642 235.
1398 2597 1434 2638 8.
1453 2588 1638 2641 nuptialis

1042 2648 1229 2689 orationis
1247 2655 1464 2700 praecepta.
1484 2656 1636 2707 23324·

1485 2712 1638 2752 nuptia·
