<?xml version="1.0" encoding="UTF-8"?>
<!DOCTYPE html PUBLIC "-//W3C//DTD XHTML 1.0 Transitional//EN"
    "http://www.w3.org/TR/xhtml1/DTD/xhtml1-transitional.dtd">
<html xmlns="http://www.w3.org/1999/xhtml" xml:lang="en" lang="en">
 <head>
  <title>
</title>
<meta http-equiv="Content-Type" content="text/html;charset=utf-8" />
  <meta name='ocr-system' content='tesseract 3.04.00' />
  <meta name='ocr-capabilities' content='ocr_page ocr_carea ocr_par ocr_line ocrx_word'/>
</head>
<body>
  <div class='ocr_page' id='page_1' title='image "./operaomniagraece06dionuoft/operaomniagraece06dionuoft_0736.png"; bbox 0 0 1751 3154; ppageno 0'>
   <div class='ocr_carea' id='block_1_1' title="bbox 774 119 1163 160">
    <p class='ocr_par' dir='ltr' id='par_1_1' title="bbox 774 119 1163 160">
     <span class='ocr_line' id='line_1_1' title="bbox 774 119 1163 160; baseline 0.003 -1"><span class='ocrx_word' id='word_1_1' title='bbox 774 119 1163 160; x_wconf 33' lang='lat' dir='ltr'>*INDEX</span> 
     </span>
    </p>
   </div>
   <div class='ocr_carea' id='block_1_2' title="bbox 346 228 1652 621">
    <p class='ocr_par' dir='ltr' id='par_1_2' title="bbox 346 228 1652 621">
     <span class='ocr_line' id='line_1_2' title="bbox 351 228 1648 285; baseline 0.003 -16"><span class='ocrx_word' id='word_1_2' title='bbox 351 230 412 271; x_wconf 84' lang='lat' dir='ltr'>rit.</span> <span class='ocrx_word' id='word_1_3' title='bbox 447 234 565 285; x_wconf 77' lang='lat'>1485.</span> <span class='ocrx_word' id='word_1_4' title='bbox 593 230 656 268; x_wconf 91' lang='lat' dir='ltr'>vlt.</span> <span class='ocrx_word' id='word_1_5' title='bbox 714 228 942 269; x_wconf 81' lang='lat' dir='ltr'>athletarum</span> <span class='ocrx_word' id='word_1_6' title='bbox 1052 232 1175 283; x_wconf 77' lang='lat'>2169.</span> <span class='ocrx_word' id='word_1_7' title='bbox 1201 242 1237 272; x_wconf 83' lang='lat'>2.</span> <span class='ocrx_word' id='word_1_8' title='bbox 1276 232 1330 273; x_wconf 88' lang='lat' dir='ltr'>M.</span> <span class='ocrx_word' id='word_1_9' title='bbox 1349 233 1535 272; x_wconf 63' lang='lat' dir='ltr'>Horatius⁴</span> <span class='ocrx_word' id='word_1_10' title='bbox 1552 233 1648 276; x_wconf 66' lang='grc' dir='ltr'>αἱ.</span> 
     </span>
     <span class='ocr_line' id='line_1_3' title="bbox 348 287 1649 339; baseline 0.001 -12"><span class='ocrx_word' id='word_1_11' title='bbox 348 288 560 327; x_wconf 86' lang='lat' dir='ltr'>certamina</span> <span class='ocrx_word' id='word_1_12' title='bbox 579 287 649 326; x_wconf 86' lang='lat' dir='ltr'>tria</span> <span class='ocrx_word' id='word_1_13' title='bbox 669 287 809 338; x_wconf 85' lang='lat' dir='ltr'>prodit.</span> <span class='ocrx_word' id='word_1_14' title='bbox 825 299 940 339; x_wconf 82' lang='lat'>1500.</span> <span class='ocrx_word' id='word_1_15' title='bbox 1051 288 1229 326; x_wconf 86' lang='lat' dir='ltr'>Valerius</span> <span class='ocrx_word' id='word_1_16' title='bbox 1252 301 1385 327; x_wconf 87' lang='lat' dir='ltr'>contra</span> <span class='ocrx_word' id='word_1_17' title='bbox 1405 288 1649 328; x_wconf 81' lang='lat' dir='ltr'>decemuiros</span> 
     </span>
     <span class='ocr_line' id='line_1_4' title="bbox 348 339 1648 395; baseline 0.002 -13"><span class='ocrx_word' id='word_1_18' title='bbox 348 355 387 385; x_wconf 85' lang='lat'>2.</span> <span class='ocrx_word' id='word_1_19' title='bbox 408 342 459 382; x_wconf 88' lang='lat' dir='ltr'>de</span> <span class='ocrx_word' id='word_1_20' title='bbox 477 341 941 394; x_wconf 78' lang='lat' dir='ltr'>sacriflciorumrituquae</span> <span class='ocrx_word' id='word_1_21' title='bbox 1051 339 1281 395; x_wconf 87' lang='lat' dir='ltr'>conspirant.</span> <span class='ocrx_word' id='word_1_22' title='bbox 1313 356 1433 386; x_wconf 88' lang='lat'>2210.</span> <span class='ocrx_word' id='word_1_23' title='bbox 1469 356 1531 386; x_wconf 92' lang='lat'>11.</span> <span class='ocrx_word' id='word_1_24' title='bbox 1588 348 1648 386; x_wconf 88' lang='lat' dir='ltr'>M.</span> 
     </span>
     <span class='ocr_line' id='line_1_5' title="bbox 347 395 1650 454; baseline 0.002 -16"><span class='ocrx_word' id='word_1_25' title='bbox 347 397 573 454; x_wconf 82' lang='lat' dir='ltr'>prodiderit.</span> <span class='ocrx_word' id='word_1_26' title='bbox 599 411 714 453; x_wconf 82' lang='lat'>1495.</span> <span class='ocrx_word' id='word_1_27' title='bbox 726 399 787 438; x_wconf 90' lang='lat' dir='ltr'>vlt.</span> <span class='ocrx_word' id='word_1_28' title='bbox 808 398 860 438; x_wconf 89' lang='lat' dir='ltr'>de</span> <span class='ocrx_word' id='word_1_29' title='bbox 878 395 943 437; x_wconf 87' lang='lat' dir='ltr'>sal·</span> <span class='ocrx_word' id='word_1_30' title='bbox 1052 400 1236 438; x_wconf 86' lang='lat' dir='ltr'>Horatius</span> <span class='ocrx_word' id='word_1_31' title='bbox 1264 413 1350 439; x_wconf 79' lang='lat' dir='ltr'>cum</span> <span class='ocrx_word' id='word_1_32' title='bbox 1369 398 1441 439; x_wconf 83' lang='lat' dir='ltr'>suis</span> <span class='ocrx_word' id='word_1_33' title='bbox 1459 401 1592 452; x_wconf 84' lang='lat' dir='ltr'>Appio</span> <span class='ocrx_word' id='word_1_34' title='bbox 1612 397 1650 440; x_wconf 87' lang='lat' dir='ltr'>se</span> 
     </span>
     <span class='ocr_line' id='line_1_6' title="bbox 347 452 1648 509; baseline 0 -14"><span class='ocrx_word' id='word_1_35' title='bbox 347 454 559 495; x_wconf 80' lang='lat' dir='ltr'>tationibus</span> <span class='ocrx_word' id='word_1_36' title='bbox 587 452 713 506; x_wconf 79' lang='lat' dir='ltr'>priscis</span> <span class='ocrx_word' id='word_1_37' title='bbox 739 467 842 506; x_wconf 83' lang='lat' dir='ltr'>quae</span> <span class='ocrx_word' id='word_1_38' title='bbox 872 465 943 493; x_wconf 83' lang='lat' dir='ltr'>tra·</span> <span class='ocrx_word' id='word_1_39' title='bbox 1052 457 1230 507; x_wconf 85' lang='lat' dir='ltr'>opponit.</span> <span class='ocrx_word' id='word_1_40' title='bbox 1258 469 1377 509; x_wconf 82' lang='lat'>2254.</span> <span class='ocrx_word' id='word_1_41' title='bbox 1405 463 1440 505; x_wconf 87' lang='grc'><strong>8.</strong></span> <span class='ocrx_word' id='word_1_42' title='bbox 1472 468 1533 499; x_wconf 89' lang='lat'>12.</span> <span class='ocrx_word' id='word_1_43' title='bbox 1591 457 1648 496; x_wconf 91' lang='lat' dir='ltr'>M.</span> 
     </span>
     <span class='ocr_line' id='line_1_7' title="bbox 346 509 1652 565; baseline 0 -15"><span class='ocrx_word' id='word_1_44' title='bbox 346 510 500 551; x_wconf 88' lang='lat' dir='ltr'>diderit.</span> <span class='ocrx_word' id='word_1_45' title='bbox 520 516 636 565; x_wconf 78' lang='lat'>1489.</span> <span class='ocrx_word' id='word_1_46' title='bbox 657 523 694 564; x_wconf 85' lang='lat'>3.</span> <span class='ocrx_word' id='word_1_47' title='bbox 742 511 942 555; x_wconf 79' lang='lat' dir='ltr'>Homerici</span> <span class='ocrx_word' id='word_1_48' title='bbox 1050 512 1234 552; x_wconf 84' lang='lat' dir='ltr'>Horatius</span> <span class='ocrx_word' id='word_1_49' title='bbox 1280 511 1461 552; x_wconf 86' lang='lat' dir='ltr'>Barbatus</span> <span class='ocrx_word' id='word_1_50' title='bbox 1516 509 1652 550; x_wconf 85' lang='lat' dir='ltr'>consul</span> 
     </span>
     <span class='ocr_line' id='line_1_8' title="bbox 347 568 1649 621; baseline -0.002 -13"><span class='ocrx_word' id='word_1_51' title='bbox 347 580 474 621; x_wconf 83' lang='lat' dir='ltr'>reges.</span> <span class='ocrx_word' id='word_1_52' title='bbox 493 569 586 610; x_wconf 92' lang='lat'>261.</span> <span class='ocrx_word' id='word_1_53' title='bbox 614 579 673 620; x_wconf 88' lang='lat'>13.</span> <span class='ocrx_word' id='word_1_54' title='bbox 699 570 760 610; x_wconf 88' lang='lat'>16.</span> <span class='ocrx_word' id='word_1_55' title='bbox 795 570 943 607; x_wconf 86' lang='lat' dir='ltr'>Home·</span> <span class='ocrx_word' id='word_1_56' title='bbox 1054 580 1216 607; x_wconf 89' lang='lat' dir='ltr'>creatur.</span> <span class='ocrx_word' id='word_1_57' title='bbox 1243 579 1363 621; x_wconf 86' lang='lat'>2273.</span> <span class='ocrx_word' id='word_1_58' title='bbox 1376 571 1413 611; x_wconf 89' lang='lat'>6.</span> <span class='ocrx_word' id='word_1_59' title='bbox 1433 568 1649 608; x_wconf 84' lang='lat' dir='ltr'>inSabinos</span> 
     </span>
    </p>
   </div>
   <div class='ocr_carea' id='block_1_3' title="bbox 286 624 1648 1013">
    <p class='ocr_par' dir='ltr' id='par_1_3' title="bbox 286 624 1648 1013">
     <span class='ocr_line' id='line_1_9' title="bbox 347 624 1648 677; baseline -0.002 -13"><span class='ocrx_word' id='word_1_60' title='bbox 347 637 410 664; x_wconf 78' lang='lat' dir='ltr'>rus</span> <span class='ocrx_word' id='word_1_61' title='bbox 431 636 544 677; x_wconf 85' lang='lat' dir='ltr'>reges</span> <span class='ocrx_word' id='word_1_62' title='bbox 562 635 671 664; x_wconf 90' lang='lat' dir='ltr'>vocat</span> <span class='ocrx_word' id='word_1_63' title='bbox 687 624 889 666; x_wconf 67' lang='grc' dir='ltr'><strong><em>δικασπόλες</em></strong></span> <span class='ocrx_word' id='word_1_64' title='bbox 901 633 943 662; x_wconf 91' lang='lat' dir='ltr'>et</span> <span class='ocrx_word' id='word_1_65' title='bbox 1052 624 1183 663; x_wconf 82' lang='lat' dir='ltr'>educit</span> <span class='ocrx_word' id='word_1_66' title='bbox 1202 625 1340 676; x_wconf 85' lang='lat' dir='ltr'>copias.</span> <span class='ocrx_word' id='word_1_67' title='bbox 1360 635 1478 677; x_wconf 84' lang='lat'>2279.</span> <span class='ocrx_word' id='word_1_68' title='bbox 1505 636 1565 676; x_wconf 87' lang='lat'>13.</span> <span class='ocrx_word' id='word_1_69' title='bbox 1596 624 1648 663; x_wconf 89' lang='lat' dir='ltr'>de</span> 
     </span>
     <span class='ocr_line' id='line_1_10' title="bbox 343 679 1648 733; baseline -0.002 -12"><span class='ocrx_word' id='word_1_70' title='bbox 343 681 570 726; x_wconf 69' lang='grc' dir='ltr'>θεμιςοπόλυς.</span> <span class='ocrx_word' id='word_1_71' title='bbox 595 693 710 733; x_wconf 82' lang='grc'><strong>1024.</strong></span> <span class='ocrx_word' id='word_1_72' title='bbox 725 692 762 732; x_wconf 82' lang='lat'>5.</span> <span class='ocrx_word' id='word_1_73' title='bbox 777 680 941 720; x_wconf 86' lang='lat' dir='ltr'>Homeri</span> <span class='ocrx_word' id='word_1_74' title='bbox 1048 680 1287 720; x_wconf 84' lang='lat' dir='ltr'>tribunorum</span> <span class='ocrx_word' id='word_1_75' title='bbox 1315 679 1512 732; x_wconf 88' lang='lat' dir='ltr'>postulatis</span> <span class='ocrx_word' id='word_1_76' title='bbox 1533 692 1648 731; x_wconf 90' lang='lat' dir='ltr'>quam</span> 
     </span>
     <span class='ocr_line' id='line_1_11' title="bbox 342 734 1648 789; baseline -0.002 -13"><span class='ocrx_word' id='word_1_77' title='bbox 342 737 448 776; x_wconf 91' lang='lat' dir='ltr'>locus</span> <span class='ocrx_word' id='word_1_78' title='bbox 485 736 535 777; x_wconf 85' lang='lat' dir='ltr'>de</span> <span class='ocrx_word' id='word_1_79' title='bbox 568 735 843 777; x_wconf 82' lang='lat' dir='ltr'>Aeneadarum</span> <span class='ocrx_word' id='word_1_80' title='bbox 885 748 942 775; x_wconf 86' lang='lat' dir='ltr'>re·</span> <span class='ocrx_word' id='word_1_81' title='bbox 1052 737 1188 775; x_wconf 85' lang='lat' dir='ltr'>dixerit</span> <span class='ocrx_word' id='word_1_82' title='bbox 1206 734 1447 776; x_wconf 87' lang='lat' dir='ltr'>sententiam.</span> <span class='ocrx_word' id='word_1_83' title='bbox 1477 746 1648 789; x_wconf 87' lang='lat'>2301.2.</span> 
     </span>
     <span class='ocr_line' id='line_1_12' title="bbox 342 792 1648 847; baseline -0.002 -16"><span class='ocrx_word' id='word_1_84' title='bbox 342 806 436 847; x_wconf 85' lang='lat' dir='ltr'>gno.</span> <span class='ocrx_word' id='word_1_85' title='bbox 608 794 779 845; x_wconf 84' lang='lat'>136.14.</span> <span class='ocrx_word' id='word_1_86' title='bbox 806 803 940 845; x_wconf 84' lang='lat'>137.1.</span> <span class='ocrx_word' id='word_1_87' title='bbox 995 794 1033 833; x_wconf 90' lang='lat' dir='ltr'>P.</span> <span class='ocrx_word' id='word_1_88' title='bbox 1061 794 1245 833; x_wconf 84' lang='lat' dir='ltr'>Horatius</span> <span class='ocrx_word' id='word_1_89' title='bbox 1270 793 1410 834; x_wconf 89' lang='lat' dir='ltr'>Cocles</span> <span class='ocrx_word' id='word_1_90' title='bbox 1446 792 1550 832; x_wconf 88' lang='lat' dir='ltr'>vnde</span> <span class='ocrx_word' id='word_1_91' title='bbox 1585 803 1648 829; x_wconf 86' lang='lat' dir='ltr'>co·</span> 
     </span>
     <span class='ocr_line' id='line_1_13' title="bbox 286 845 1646 902; baseline -0.003 -13"><span class='ocrx_word' id='word_1_92' title='bbox 286 851 392 890; x_wconf 86' lang='lat' dir='ltr'>Hora</span> <span class='ocrx_word' id='word_1_93' title='bbox 410 847 488 887; x_wconf 88' lang='lat' dir='ltr'>diei</span> <span class='ocrx_word' id='word_1_94' title='bbox 505 848 627 888; x_wconf 88' lang='lat' dir='ltr'>tertia.</span> <span class='ocrx_word' id='word_1_95' title='bbox 652 859 769 901; x_wconf 81' lang='lat'>1905.</span> <span class='ocrx_word' id='word_1_96' title='bbox 790 859 824 900; x_wconf 83' lang='grc' dir='ltr'><strong>ς.</strong></span> <span class='ocrx_word' id='word_1_97' title='bbox 860 847 938 888; x_wconf 85' lang='lat' dir='ltr'>vid.</span> <span class='ocrx_word' id='word_1_98' title='bbox 1052 849 1315 902; x_wconf 69' lang='lat' dir='ltr'>gnominatus</span> <span class='ocrx_word' id='word_1_99' title='bbox 1339 853 1480 900; x_wconf 64' lang='grc'><strong>8984.</strong></span> <span class='ocrx_word' id='word_1_100' title='bbox 1505 845 1646 899; x_wconf 74' lang='lat' dir='ltr'>quibu:</span> 
     </span>
     <span class='ocr_line' id='line_1_14' title="bbox 342 903 1647 955; baseline -0.002 -11"><span class='ocrx_word' id='word_1_101' title='bbox 342 903 435 944; x_wconf 84' lang='lat' dir='ltr'>vers.</span> <span class='ocrx_word' id='word_1_102' title='bbox 455 910 535 946; x_wconf 89' lang='lat' dir='ltr'>Lat.</span> <span class='ocrx_word' id='word_1_103' title='bbox 1050 904 1239 944; x_wconf 82' lang='lat' dir='ltr'>natalibus</span> <span class='ocrx_word' id='word_1_104' title='bbox 1269 914 1374 942; x_wconf 90' lang='lat' dir='ltr'>ortus</span> <span class='ocrx_word' id='word_1_105' title='bbox 1391 935 1400 952; x_wconf 93' lang='lat'>,</span> <span class='ocrx_word' id='word_1_106' title='bbox 1442 913 1482 943; x_wconf 87' lang='lat' dir='ltr'>et</span> <span class='ocrx_word' id='word_1_107' title='bbox 1504 903 1647 955; x_wconf 85' lang='lat' dir='ltr'>quibus</span> 
     </span>
     <span class='ocr_line' id='line_1_15' title="bbox 286 959 1646 1013; baseline -0.002 -13"><span class='ocrx_word' id='word_1_108' title='bbox 286 962 535 1004; x_wconf 84' lang='lat' dir='ltr'>Horatiorum</span> <span class='ocrx_word' id='word_1_109' title='bbox 555 959 850 1012; x_wconf 82' lang='lat' dir='ltr'>trigeminorum</span> <span class='ocrx_word' id='word_1_110' title='bbox 863 972 941 998; x_wconf 90' lang='lat' dir='ltr'>ma·</span> <span class='ocrx_word' id='word_1_111' title='bbox 1051 960 1250 999; x_wconf 83' lang='lat' dir='ltr'>virtutibus</span> <span class='ocrx_word' id='word_1_112' title='bbox 1269 960 1473 1011; x_wconf 87' lang='lat' dir='ltr'>praeditus.</span> <span class='ocrx_word' id='word_1_113' title='bbox 1498 965 1588 1013; x_wconf 85' lang='grc'><strong>898.</strong></span> <span class='ocrx_word' id='word_1_114' title='bbox 1607 971 1646 1011; x_wconf 90' lang='lat'>7.</span> 
     </span>
    </p>
   </div>
   <div class='ocr_carea' id='block_1_4' title="bbox 341 1012 1646 1068">
    <p class='ocr_par' dir='ltr' id='par_1_4' title="bbox 341 1012 1646 1068">
     <span class='ocr_line' id='line_1_16' title="bbox 341 1012 1646 1068; baseline -0.002 -12"><span class='ocrx_word' id='word_1_115' title='bbox 341 1028 398 1058; x_wconf 84' lang='lat' dir='ltr'>ter</span> <span class='ocrx_word' id='word_1_116' title='bbox 426 1028 467 1057; x_wconf 90' lang='lat' dir='ltr'>et</span> <span class='ocrx_word' id='word_1_117' title='bbox 495 1014 728 1055; x_wconf 83' lang='lat' dir='ltr'>consobrini.</span> <span class='ocrx_word' id='word_1_118' title='bbox 774 1027 868 1068; x_wconf 79' lang='lat'>444.</span> <span class='ocrx_word' id='word_1_119' title='bbox 900 1027 938 1066; x_wconf 86' lang='lat'>4.</span> <span class='ocrx_word' id='word_1_120' title='bbox 1050 1013 1151 1055; x_wconf 85' lang='lat' dir='ltr'>solus</span> <span class='ocrx_word' id='word_1_121' title='bbox 1169 1015 1345 1057; x_wconf 81' lang='lat' dir='ltr'>Etruscos</span> <span class='ocrx_word' id='word_1_122' title='bbox 1372 1017 1412 1055; x_wconf 88' lang='lat' dir='ltr'>in</span> <span class='ocrx_word' id='word_1_123' title='bbox 1433 1025 1558 1068; x_wconf 88' lang='lat' dir='ltr'>ponte</span> <span class='ocrx_word' id='word_1_124' title='bbox 1577 1012 1646 1054; x_wconf 89' lang='lat' dir='ltr'>sus-</span> 
     </span>
    </p>
   </div>
   <div class='ocr_carea' id='block_1_5' title="bbox 284 1069 1645 1181">
    <p class='ocr_par' dir='ltr' id='par_1_5' title="bbox 284 1069 1645 1181">
     <span class='ocr_line' id='line_1_17' title="bbox 797 1069 1645 1125; baseline 0.001 -16"><span class='ocrx_word' id='word_1_125' title='bbox 797 1082 939 1124; x_wconf 72' lang='lat'>4477.</span> <span class='ocrx_word' id='word_1_126' title='bbox 1052 1073 1165 1112; x_wconf 86' lang='lat' dir='ltr'>tinet.</span> <span class='ocrx_word' id='word_1_127' title='bbox 1200 1078 1289 1125; x_wconf 76' lang='lat'>899.</span> <span class='ocrx_word' id='word_1_128' title='bbox 1310 1086 1350 1124; x_wconf 86' lang='lat'>4.</span> <span class='ocrx_word' id='word_1_129' title='bbox 1396 1069 1645 1111; x_wconf 72' lang='lat' dir='ltr'>saluis—armis</span> 
     </span>
     <span class='ocr_line' id='line_1_18' title="bbox 284 1124 1644 1181; baseline -0.001 -13"><span class='ocrx_word' id='word_1_130' title='bbox 284 1128 522 1172; x_wconf 86' lang='lat' dir='ltr'>C.Horatius</span> <span class='ocrx_word' id='word_1_131' title='bbox 539 1124 681 1166; x_wconf 86' lang='lat' dir='ltr'>consul.</span> <span class='ocrx_word' id='word_1_132' title='bbox 710 1138 874 1180; x_wconf 83' lang='lat'>1791.3.</span> <span class='ocrx_word' id='word_1_133' title='bbox 894 1129 936 1166; x_wconf 88' lang='lat' dir='ltr'>in</span> <span class='ocrx_word' id='word_1_134' title='bbox 1048 1128 1096 1166; x_wconf 89' lang='lat' dir='ltr'>ad</span> <span class='ocrx_word' id='word_1_135' title='bbox 1124 1125 1208 1167; x_wconf 90' lang='lat' dir='ltr'>suos</span> <span class='ocrx_word' id='word_1_136' title='bbox 1234 1138 1375 1167; x_wconf 88' lang='lat' dir='ltr'>enatat.</span> <span class='ocrx_word' id='word_1_137' title='bbox 1412 1140 1505 1181; x_wconf 87' lang='lat'><em>901.</em></span> <span class='ocrx_word' id='word_1_138' title='bbox 1536 1139 1573 1168; x_wconf 89' lang='lat'>2.</span> <span class='ocrx_word' id='word_1_139' title='bbox 1607 1140 1644 1179; x_wconf 79' lang='grc' dir='ltr'><strong>ς.</strong></span> 
     </span>
    </p>
   </div>
   <div class='ocr_carea' id='block_1_6' title="bbox 284 1181 1648 1521">
    <p class='ocr_par' dir='ltr' id='par_1_6' title="bbox 284 1181 1648 1521">
     <span class='ocr_line' id='line_1_19' title="bbox 339 1181 1648 1248; baseline -0.003 -23"><span class='ocrx_word' id='word_1_140' title='bbox 339 1182 500 1225; x_wconf 85' lang='lat' dir='ltr'>Volscos</span> <span class='ocrx_word' id='word_1_141' title='bbox 512 1181 935 1248; x_wconf 80' lang='lat' dir='ltr'>p1·oficiscitur.1793.2.</span> <span class='ocrx_word' id='word_1_142' title='bbox 1049 1183 1190 1235; x_wconf 82' lang='lat' dir='ltr'>quibus</span> <span class='ocrx_word' id='word_1_143' title='bbox 1216 1182 1430 1223; x_wconf 87' lang='lat' dir='ltr'>honoribus</span> <span class='ocrx_word' id='word_1_144' title='bbox 1457 1198 1478 1223; x_wconf 88' lang='lat' dir='ltr'>a</span> <span class='ocrx_word' id='word_1_145' title='bbox 1495 1182 1648 1235; x_wconf 73' lang='lat' dir='ltr'>ciuibus</span> 
     </span>
     <span class='ocr_line' id='line_1_20' title="bbox 339 1239 1641 1292; baseline -0.002 -12"><span class='ocrx_word' id='word_1_146' title='bbox 339 1254 363 1280; x_wconf 92' lang='lat' dir='ltr'>e</span> <span class='ocrx_word' id='word_1_147' title='bbox 395 1239 541 1280; x_wconf 72' lang='lat' dir='ltr'>Volscis</span> <span class='ocrx_word' id='word_1_148' title='bbox 583 1239 663 1279; x_wconf 85' lang='lat' dir='ltr'>vrbi</span> <span class='ocrx_word' id='word_1_149' title='bbox 700 1239 934 1292; x_wconf 78' lang='lat' dir='ltr'>periclitanti</span> <span class='ocrx_word' id='word_1_150' title='bbox 1045 1239 1217 1289; x_wconf 63' lang='lat' dir='ltr'>affestuS.</span> <span class='ocrx_word' id='word_1_151' title='bbox 1496 1250 1591 1292; x_wconf 90' lang='lat'>901.</span> <span class='ocrx_word' id='word_1_152' title='bbox 1605 1244 1641 1286; x_wconf 87' lang='lat'>8.</span> 
     </span>
     <span class='ocr_line' id='line_1_21' title="bbox 335 1292 1647 1349; baseline -0.002 -13"><span class='ocrx_word' id='word_1_153' title='bbox 335 1296 410 1337; x_wconf 82' lang='lat' dir='ltr'>fert</span> <span class='ocrx_word' id='word_1_154' title='bbox 427 1294 634 1349; x_wconf 81' lang='lat' dir='ltr'>suppetias.</span> <span class='ocrx_word' id='word_1_155' title='bbox 764 1301 933 1349; x_wconf 67' lang='lat'>18099.</span> <span class='ocrx_word' id='word_1_156' title='bbox 989 1299 1029 1337; x_wconf 89' lang='lat' dir='ltr'>P.</span> <span class='ocrx_word' id='word_1_157' title='bbox 1044 1296 1229 1335; x_wconf 83' lang='lat' dir='ltr'>Horatius</span> <span class='ocrx_word' id='word_1_158' title='bbox 1245 1292 1391 1335; x_wconf 87' lang='lat' dir='ltr'>consul.</span> <span class='ocrx_word' id='word_1_159' title='bbox 1414 1297 1583 1348; x_wconf 87' lang='lat'>2131.6.</span> <span class='ocrx_word' id='word_1_160' title='bbox 1602 1293 1647 1348; x_wconf 79' lang='lat' dir='ltr'>fit</span> 
     </span>
     <span class='ocr_line' id='line_1_22' title="bbox 284 1350 1642 1405; baseline -0.004 -10"><span class='ocrx_word' id='word_1_161' title='bbox 284 1356 329 1396; x_wconf 92' lang='lat' dir='ltr'>C.</span> <span class='ocrx_word' id='word_1_162' title='bbox 347 1356 526 1394; x_wconf 84' lang='lat' dir='ltr'>Horatius</span> <span class='ocrx_word' id='word_1_163' title='bbox 558 1350 701 1391; x_wconf 86' lang='lat' dir='ltr'>consul.</span> <span class='ocrx_word' id='word_1_164' title='bbox 727 1363 848 1405; x_wconf 85' lang='lat'>2057.</span> <span class='ocrx_word' id='word_1_165' title='bbox 872 1363 934 1405; x_wconf 86' lang='lat'>14.</span> <span class='ocrx_word' id='word_1_166' title='bbox 1041 1353 1146 1392; x_wconf 88' lang='lat' dir='ltr'>Xvir.</span> <span class='ocrx_word' id='word_1_167' title='bbox 1471 1363 1642 1403; x_wconf 74' lang='lat'>21424.</span> 
     </span>
     <span class='ocr_line' id='line_1_23' title="bbox 335 1403 1644 1462; baseline -0.003 -14"><span class='ocrx_word' id='word_1_168' title='bbox 335 1409 442 1462; x_wconf 85' lang='lat' dir='ltr'>quib.</span> <span class='ocrx_word' id='word_1_169' title='bbox 465 1409 591 1448; x_wconf 87' lang='lat' dir='ltr'>verbis</span> <span class='ocrx_word' id='word_1_170' title='bbox 612 1422 700 1447; x_wconf 90' lang='lat' dir='ltr'>cum</span> <span class='ocrx_word' id='word_1_171' title='bbox 716 1407 882 1448; x_wconf 85' lang='lat' dir='ltr'>tribunis</span> <span class='ocrx_word' id='word_1_172' title='bbox 895 1418 933 1447; x_wconf 83' lang='lat' dir='ltr'>et</span> <span class='ocrx_word' id='word_1_173' title='bbox 989 1410 1174 1449; x_wconf 81' lang='lat' dir='ltr'>Horatiae</span> <span class='ocrx_word' id='word_1_174' title='bbox 1220 1405 1390 1447; x_wconf 89' lang='lat' dir='ltr'>familiae</span> <span class='ocrx_word' id='word_1_175' title='bbox 1442 1403 1644 1458; x_wconf 83' lang='lat' dir='ltr'>proprium</span> 
     </span>
     <span class='ocr_line' id='line_1_24' title="bbox 334 1464 1641 1521; baseline -0.003 -16"><span class='ocrx_word' id='word_1_176' title='bbox 334 1466 456 1519; x_wconf 86' lang='lat' dir='ltr'><strong>plebe</strong></span> <span class='ocrx_word' id='word_1_177' title='bbox 503 1467 627 1519; x_wconf 84' lang='lat' dir='ltr'>egerit</span> <span class='ocrx_word' id='word_1_178' title='bbox 663 1464 711 1503; x_wconf 89' lang='lat' dir='ltr'>ad</span> <span class='ocrx_word' id='word_1_179' title='bbox 750 1465 933 1503; x_wconf 86' lang='lat' dir='ltr'>obtinen-</span> <span class='ocrx_word' id='word_1_180' title='bbox 1044 1476 1195 1504; x_wconf 87' lang='lat' dir='ltr'>munus.</span> <span class='ocrx_word' id='word_1_181' title='bbox 1439 1465 1560 1521; x_wconf 69' lang='lat'>2169.</span> <span class='ocrx_word' id='word_1_182' title='bbox 1580 1474 1641 1516; x_wconf 87' lang='lat'>14.</span> 
     </span>
    </p>
   </div>
   <div class='ocr_carea' id='block_1_7' title="bbox 277 1518 1644 1909">
    <p class='ocr_par' dir='ltr' id='par_1_7' title="bbox 333 1518 1644 1684">
     <span class='ocr_line' id='line_1_25' title="bbox 333 1518 1644 1572; baseline -0.003 -11"><span class='ocrx_word' id='word_1_183' title='bbox 333 1523 422 1561; x_wconf 85' lang='lat' dir='ltr'>dam</span> <span class='ocrx_word' id='word_1_184' title='bbox 447 1521 495 1560; x_wconf 89' lang='lat' dir='ltr'>ab</span> <span class='ocrx_word' id='word_1_185' title='bbox 514 1524 570 1561; x_wconf 88' lang='lat' dir='ltr'>eis</span> <span class='ocrx_word' id='word_1_186' title='bbox 589 1521 682 1561; x_wconf 90' lang='lat' dir='ltr'>belli</span> <span class='ocrx_word' id='word_1_187' title='bbox 701 1518 931 1560; x_wconf 81' lang='lat' dir='ltr'>societatem.</span> <span class='ocrx_word' id='word_1_188' title='bbox 1041 1522 1200 1561; x_wconf 85' lang='lat' dir='ltr'>Horatia</span> <span class='ocrx_word' id='word_1_189' title='bbox 1222 1519 1312 1571; x_wconf 86' lang='lat' dir='ltr'>pila.</span> <span class='ocrx_word' id='word_1_190' title='bbox 1468 1530 1562 1572; x_wconf 87' lang='lat'>470.</span> <span class='ocrx_word' id='word_1_191' title='bbox 1581 1530 1644 1571; x_wconf 26' lang='grc'><strong>13.-</strong></span> 
     </span>
     <span class='ocr_line' id='line_1_26' title="bbox 333 1575 1638 1635; baseline -0.005 -15"><span class='ocrx_word' id='word_1_192' title='bbox 333 1581 455 1621; x_wconf 88' lang='lat'>2062.</span> <span class='ocrx_word' id='word_1_193' title='bbox 473 1590 512 1635; x_wconf 63' lang='lat'>7.&gt;</span> <span class='ocrx_word' id='word_1_194' title='bbox 570 1582 733 1630; x_wconf 86' lang='lat' dir='ltr'>Aequos</span> <span class='ocrx_word' id='word_1_195' title='bbox 750 1576 930 1616; x_wconf 83' lang='lat' dir='ltr'>debellat.</span> <span class='ocrx_word' id='word_1_196' title='bbox 988 1578 1125 1618; x_wconf 87' lang='lat' dir='ltr'>Horati</span> <span class='ocrx_word' id='word_1_197' title='bbox 1144 1575 1273 1625; x_wconf 78' lang='lat' dir='ltr'>herois</span> <span class='ocrx_word' id='word_1_198' title='bbox 1294 1576 1418 1616; x_wconf 86' lang='lat' dir='ltr'>lucus.</span> <span class='ocrx_word' id='word_1_199' title='bbox 1491 1580 1588 1627; x_wconf 84' lang='grc'><strong>878.</strong></span> <span class='ocrx_word' id='word_1_200' title='bbox 1604 1587 1638 1616; x_wconf 92' lang='grc'>1.</span> 
     </span>
     <span class='ocr_line' id='line_1_27' title="bbox 758 1627 1642 1684; baseline -0.006 -11"><span class='ocrx_word' id='word_1_201' title='bbox 758 1638 929 1684; x_wconf 82' lang='grc'><strong>2071.8.</strong></span> <span class='ocrx_word' id='word_1_202' title='bbox 986 1633 1194 1673; x_wconf 83' lang='lat' dir='ltr'>Hordeum</span> <span class='ocrx_word' id='word_1_203' title='bbox 1221 1645 1293 1683; x_wconf 83' lang='lat' dir='ltr'>pro</span> <span class='ocrx_word' id='word_1_204' title='bbox 1319 1630 1437 1683; x_wconf 85' lang='lat' dir='ltr'>fruge</span> <span class='ocrx_word' id='word_1_205' title='bbox 1460 1627 1642 1681; x_wconf 86' lang='lat' dir='ltr'>antiquis·</span> 
     </span>
    </p>

    <p class='ocr_par' dir='ltr' id='par_1_8' title="bbox 277 1685 1643 1909">
     <span class='ocr_line' id='line_1_28' title="bbox 277 1685 1643 1741; baseline -0.004 -12"><span class='ocrx_word' id='word_1_206' title='bbox 277 1691 337 1731; x_wconf 89' lang='lat' dir='ltr'>M.</span> <span class='ocrx_word' id='word_1_207' title='bbox 355 1689 540 1731; x_wconf 85' lang='lat' dir='ltr'>Horatius</span> <span class='ocrx_word' id='word_1_208' title='bbox 568 1688 807 1741; x_wconf 85' lang='lat' dir='ltr'>trigeminus.</span> <span class='ocrx_word' id='word_1_209' title='bbox 838 1693 929 1740; x_wconf 81' lang='grc'><strong>898.</strong></span> <span class='ocrx_word' id='word_1_210' title='bbox 1041 1685 1643 1740; x_wconf 64' lang='lat' dir='ltr'>fimaGraecishabitum.288.4.</span> 
     </span>
     <span class='ocr_line' id='line_1_29' title="bbox 333 1743 1642 1795; baseline -0.006 -8"><span class='ocrx_word' id='word_1_211' title='bbox 333 1758 396 1790; x_wconf 90' lang='lat'>10.</span> <span class='ocrx_word' id='word_1_212' title='bbox 425 1744 637 1785; x_wconf 83' lang='lat' dir='ltr'>sororicidii</span> <span class='ocrx_word' id='word_1_213' title='bbox 658 1746 817 1784; x_wconf 88' lang='lat' dir='ltr'>crimine</span> <span class='ocrx_word' id='word_1_214' title='bbox 835 1744 929 1782; x_wconf 86' lang='lat' dir='ltr'>libe·</span> <span class='ocrx_word' id='word_1_215' title='bbox 1038 1743 1200 1784; x_wconf 85' lang='lat' dir='ltr'>Hordeo</span> <span class='ocrx_word' id='word_1_216' title='bbox 1220 1743 1435 1782; x_wconf 86' lang='lat' dir='ltr'>immolare.</span> <span class='ocrx_word' id='word_1_217' title='bbox 1494 1748 1585 1792; x_wconf 79' lang='lat'>288.</span> <span class='ocrx_word' id='word_1_218' title='bbox 1601 1754 1642 1795; x_wconf 74' lang='grc' dir='ltr'>ς.</span> 
     </span>
     <span class='ocr_line' id='line_1_30' title="bbox 332 1798 1642 1892; baseline -0.005 -50"><span class='ocrx_word' id='word_1_219' title='bbox 332 1813 435 1842; x_wconf 84' lang='lat' dir='ltr'>ratur</span> <span class='ocrx_word' id='word_1_220' title='bbox 463 1812 500 1842; x_wconf 89' lang='lat' dir='ltr'>et</span> <span class='ocrx_word' id='word_1_221' title='bbox 527 1801 713 1852; x_wconf 84' lang='lat' dir='ltr'>expiatur.</span> <span class='ocrx_word' id='word_1_222' title='bbox 739 1804 833 1853; x_wconf 81' lang='grc'><strong>468.</strong></span> <span class='ocrx_word' id='word_1_223' title='bbox 866 1803 926 1842; x_wconf 89' lang='lat'>16.</span> <span class='ocrx_word' id='word_1_224' title='bbox 984 1798 1167 1852; x_wconf 84' lang='lat' dir='ltr'>Hospites</span> <span class='ocrx_word' id='word_1_225' title='bbox 1187 1798 1642 1892; x_wconf 58' lang='lat' dir='ltr'>pulfiaGraecisayoiy.</span> 
     </span>
     <span class='ocr_line' id='line_1_31' title="bbox 328 1854 1639 1909; baseline -0.005 -11"><span class='ocrx_word' id='word_1_226' title='bbox 328 1858 377 1898; x_wconf 86' lang='lat' dir='ltr'>ad</span> <span class='ocrx_word' id='word_1_227' title='bbox 396 1857 535 1898; x_wconf 89' lang='lat' dir='ltr'>Albam</span> <span class='ocrx_word' id='word_1_228' title='bbox 566 1856 799 1897; x_wconf 86' lang='lat' dir='ltr'>diruendam</span> <span class='ocrx_word' id='word_1_229' title='bbox 825 1855 927 1895; x_wconf 87' lang='lat' dir='ltr'>able·</span> <span class='ocrx_word' id='word_1_230' title='bbox 1034 1854 1241 1908; x_wconf 90' lang='lat' dir='ltr'>Hospitum</span> <span class='ocrx_word' id='word_1_231' title='bbox 1263 1856 1442 1909; x_wconf 79' lang='lat' dir='ltr'>exceptio</span> <span class='ocrx_word' id='word_1_232' title='bbox 1463 1855 1564 1906; x_wconf 82' lang='lat' dir='ltr'>ludis</span> <span class='ocrx_word' id='word_1_233' title='bbox 1599 1867 1639 1898; x_wconf 86' lang='lat'>0·.</span> 
     </span>
    </p>
   </div>
   <div class='ocr_carea' id='block_1_8' title="bbox 238 1912 1666 2360">
    <p class='ocr_par' dir='ltr' id='par_1_9' title="bbox 331 1912 1634 1970">
     <span class='ocr_line' id='line_1_32' title="bbox 331 1912 1634 1970; baseline -0.003 -16"><span class='ocrx_word' id='word_1_234' title='bbox 331 1923 455 1970; x_wconf 81' lang='lat' dir='ltr'>gatur.</span> <span class='ocrx_word' id='word_1_235' title='bbox 482 1920 578 1968; x_wconf 85' lang='lat'>489.</span> <span class='ocrx_word' id='word_1_236' title='bbox 603 1924 665 1967; x_wconf 87' lang='lat'>14.</span> <span class='ocrx_word' id='word_1_237' title='bbox 712 1913 851 1960; x_wconf 77' lang='lat' dir='ltr'>Albam</span> <span class='ocrx_word' id='word_1_238' title='bbox 872 1912 925 1959; x_wconf 87' lang='lat' dir='ltr'>di·</span> <span class='ocrx_word' id='word_1_239' title='bbox 1037 1912 1236 1952; x_wconf 86' lang='lat' dir='ltr'>lennibus.</span> <span class='ocrx_word' id='word_1_240' title='bbox 1468 1916 1584 1964; x_wconf 88' lang='lat'>1484.</span> <span class='ocrx_word' id='word_1_241' title='bbox 1598 1917 1634 1960; x_wconf 86' lang='lat'>8.</span> 
     </span>
    </p>

    <p class='ocr_par' dir='ltr' id='par_1_10' title="bbox 332 1967 1634 2022">
     <span class='ocr_line' id='line_1_33' title="bbox 332 1967 1634 2022; baseline -0.004 -13"><span class='ocrx_word' id='word_1_242' title='bbox 332 1972 421 2010; x_wconf 88' lang='lat' dir='ltr'>ruit.</span> <span class='ocrx_word' id='word_1_243' title='bbox 502 1974 505 1976; x_wconf 80' lang='grc'><strong>’</strong></span> <span class='ocrx_word' id='word_1_244' title='bbox 754 1980 923 2022; x_wconf 82' lang='lat'>503-12.</span> <span class='ocrx_word' id='word_1_245' title='bbox 980 1968 1179 2015; x_wconf 79' lang='lat' dir='ltr'>Hostilius,</span> <span class='ocrx_word' id='word_1_246' title='bbox 1199 1967 1449 2007; x_wconf 85' lang='lat' dir='ltr'>Medullinus.</span> <span class='ocrx_word' id='word_1_247' title='bbox 1491 1978 1634 2021; x_wconf 56' lang='lat'>4052.</span> 
     </span>
    </p>

    <p class='ocr_par' dir='ltr' id='par_1_11' title="bbox 273 2023 1634 2078">
     <span class='ocr_line' id='line_1_34' title="bbox 273 2023 1634 2078; baseline -0.007 -9"><span class='ocrx_word' id='word_1_248' title='bbox 273 2027 327 2069; x_wconf 85' lang='lat' dir='ltr'>M.</span> <span class='ocrx_word' id='word_1_249' title='bbox 348 2026 541 2074; x_wconf 80' lang='lat' dir='ltr'>Horatius,</span> <span class='ocrx_word' id='word_1_250' title='bbox 567 2026 718 2078; x_wconf 86' lang='lat' dir='ltr'>legatus</span> <span class='ocrx_word' id='word_1_251' title='bbox 738 2025 777 2065; x_wconf 87' lang='lat' dir='ltr'>in</span> <span class='ocrx_word' id='word_1_252' title='bbox 799 2023 923 2063; x_wconf 85' lang='lat' dir='ltr'>castris</span> <span class='ocrx_word' id='word_1_253' title='bbox 980 2025 1123 2064; x_wconf 84' lang='lat' dir='ltr'>Tullus</span> <span class='ocrx_word' id='word_1_254' title='bbox 1143 2024 1338 2070; x_wconf 84' lang='lat' dir='ltr'>Hostilius,</span> <span class='ocrx_word' id='word_1_255' title='bbox 1369 2026 1634 2069; x_wconf 81' lang='lat' dir='ltr'>Romanorum</span> 
     </span>
    </p>

    <p class='ocr_par' dir='ltr' id='par_1_12' title="bbox 327 2077 1633 2135">
     <span class='ocr_line' id='line_1_35' title="bbox 327 2077 1633 2135; baseline -0.008 -10"><span class='ocrx_word' id='word_1_256' title='bbox 327 2083 561 2135; x_wconf 84' lang='lat' dir='ltr'>relinquitur</span> <span class='ocrx_word' id='word_1_257' title='bbox 613 2096 635 2121; x_wconf 88' lang='lat' dir='ltr'>a</span> <span class='ocrx_word' id='word_1_258' title='bbox 690 2081 921 2131; x_wconf 81' lang='lat' dir='ltr'>Tarquinio,</span> <span class='ocrx_word' id='word_1_259' title='bbox 1033 2094 1104 2120; x_wconf 83' lang='lat' dir='ltr'>rex</span> <span class='ocrx_word' id='word_1_260' title='bbox 1132 2081 1263 2120; x_wconf 87' lang='lat' dir='ltr'>tertius</span> <span class='ocrx_word' id='word_1_261' title='bbox 1284 2109 1294 2128; x_wconf 88' lang='lat'>‚</span> <span class='ocrx_word' id='word_1_262' title='bbox 1331 2077 1472 2130; x_wconf 84' lang='lat' dir='ltr'>quibus</span> <span class='ocrx_word' id='word_1_263' title='bbox 1501 2078 1633 2116; x_wconf 83' lang='lat' dir='ltr'>natali-</span> 
     </span>
    </p>

    <p class='ocr_par' dir='ltr' id='par_1_13' title="bbox 326 2132 1632 2191">
     <span class='ocr_line' id='line_1_36' title="bbox 326 2132 1632 2191; baseline -0.006 -12"><span class='ocrx_word' id='word_1_264' title='bbox 326 2145 418 2191; x_wconf 79' lang='grc'><strong>841.</strong></span> <span class='ocrx_word' id='word_1_265' title='bbox 437 2151 529 2191; x_wconf 89' lang='lat' dir='ltr'>pen.</span> <span class='ocrx_word' id='word_1_266' title='bbox 571 2139 635 2189; x_wconf 86' lang='lat' dir='ltr'>Sp.</span> <span class='ocrx_word' id='word_1_267' title='bbox 655 2138 830 2177; x_wconf 86' lang='lat' dir='ltr'>Lucretio</span> <span class='ocrx_word' id='word_1_268' title='bbox 852 2135 925 2175; x_wconf 86' lang='lat' dir='ltr'>sur-</span> <span class='ocrx_word' id='word_1_269' title='bbox 1032 2136 1103 2176; x_wconf 90' lang='lat' dir='ltr'>bus</span> <span class='ocrx_word' id='word_1_270' title='bbox 1123 2147 1240 2175; x_wconf 82' lang='lat' dir='ltr'>ortus,</span> <span class='ocrx_word' id='word_1_271' title='bbox 1267 2136 1359 2187; x_wconf 78' lang='lat'>404.</span> <span class='ocrx_word' id='word_1_272' title='bbox 1381 2136 1417 2175; x_wconf 91' lang='lat'>6.</span> <span class='ocrx_word' id='word_1_273' title='bbox 1448 2132 1632 2185; x_wconf 85' lang='lat' dir='ltr'>quamdiu</span> 
     </span>
    </p>

    <p class='ocr_par' dir='ltr' id='par_1_14' title="bbox 238 2190 1634 2249">
     <span class='ocr_line' id='line_1_37' title="bbox 238 2190 1634 2249; baseline -0.004 -14"><span class='ocrx_word' id='word_1_274' title='bbox 238 2197 242 2201; x_wconf 89' lang='lat'>&#39;</span> <span class='ocrx_word' id='word_1_275' title='bbox 324 2205 481 2249; x_wconf 80' lang='lat' dir='ltr'>rogatur</span> <span class='ocrx_word' id='word_1_276' title='bbox 516 2195 556 2232; x_wconf 78' lang='lat' dir='ltr'>in</span> <span class='ocrx_word' id='word_1_277' title='bbox 585 2191 789 2234; x_wconf 85' lang='lat' dir='ltr'>consulatu.</span> <span class='ocrx_word' id='word_1_278' title='bbox 831 2200 922 2246; x_wconf 83' lang='grc'><strong>889.</strong></span> <span class='ocrx_word' id='word_1_279' title='bbox 1036 2192 1246 2243; x_wconf 81' lang='lat' dir='ltr'>imperarit.</span> <span class='ocrx_word' id='word_1_280' title='bbox 1281 2201 1369 2242; x_wconf 79' lang='lat'>191.</span> <span class='ocrx_word' id='word_1_281' title='bbox 1395 2201 1454 2230; x_wconf 88' lang='lat'>12.</span> <span class='ocrx_word' id='word_1_282' title='bbox 1504 2190 1546 2228; x_wconf 92' lang='lat' dir='ltr'>in</span> <span class='ocrx_word' id='word_1_283' title='bbox 1574 2202 1634 2230; x_wconf 77' lang='lat' dir='ltr'>re·</span> 
     </span>
    </p>

    <p class='ocr_par' dir='ltr' id='par_1_15' title="bbox 323 2243 1666 2360">
     <span class='ocr_line' id='line_1_38' title="bbox 323 2243 1629 2304; baseline -0.004 -14"><span class='ocrx_word' id='word_1_284' title='bbox 323 2264 416 2304; x_wconf 87' lang='lat' dir='ltr'>pen.</span> <span class='ocrx_word' id='word_1_285' title='bbox 437 2255 493 2293; x_wconf 87' lang='lat' dir='ltr'>M.</span> <span class='ocrx_word' id='word_1_286' title='bbox 518 2250 700 2289; x_wconf 79' lang='lat' dir='ltr'>Horatius</span> <span class='ocrx_word' id='word_1_287' title='bbox 719 2251 761 2287; x_wconf 89' lang='lat'>11.</span> <span class='ocrx_word' id='word_1_288' title='bbox 775 2247 922 2287; x_wconf 80' lang='lat' dir='ltr'>consul.</span> <span class='ocrx_word' id='word_1_289' title='bbox 1036 2248 1140 2298; x_wconf 89' lang='lat' dir='ltr'>publ.</span> <span class='ocrx_word' id='word_1_290' title='bbox 1165 2258 1264 2299; x_wconf 78' lang='lat' dir='ltr'>quae</span> <span class='ocrx_word' id='word_1_291' title='bbox 1285 2243 1451 2298; x_wconf 82' lang='lat' dir='ltr'>gefferit.</span> <span class='ocrx_word' id='word_1_292' title='bbox 1480 2247 1573 2298; x_wconf 86' lang='lat'>406.</span> <span class='ocrx_word' id='word_1_293' title='bbox 1593 2250 1629 2292; x_wconf 88' lang='lat'>8.</span> 
     </span>
     <span class='ocr_line' id='line_1_39' title="bbox 327 2298 1666 2360; baseline -0.005 -14"><span class='ocrx_word' id='word_1_294' title='bbox 327 2314 418 2360; x_wconf 81' lang='lat'>892.</span> <span class='ocrx_word' id='word_1_295' title='bbox 450 2313 484 2355; x_wconf 89' lang='grc'><strong>8.</strong></span> <span class='ocrx_word' id='word_1_296' title='bbox 544 2304 662 2343; x_wconf 77' lang='lat' dir='ltr'>filium</span> <span class='ocrx_word' id='word_1_297' title='bbox 690 2302 798 2343; x_wconf 89' lang='lat' dir='ltr'>suum</span> <span class='ocrx_word' id='word_1_298' title='bbox 828 2303 922 2341; x_wconf 80' lang='lat' dir='ltr'>obsi·</span> <span class='ocrx_word' id='word_1_299' title='bbox 1034 2317 1083 2343; x_wconf 86' lang='lat' dir='ltr'>ex</span> <span class='ocrx_word' id='word_1_300' title='bbox 1103 2314 1189 2342; x_wconf 82' lang='lat' dir='ltr'>voto</span> <span class='ocrx_word' id='word_1_301' title='bbox 1213 2302 1406 2355; x_wconf 78' lang='lat' dir='ltr'>agonales‚</span> <span class='ocrx_word' id='word_1_302' title='bbox 1442 2298 1507 2340; x_wconf 89' lang='lat' dir='ltr'>seu</span> <span class='ocrx_word' id='word_1_303' title='bbox 1527 2301 1631 2341; x_wconf 87' lang='lat' dir='ltr'>colli·</span> <span class='ocrx_word' id='word_1_304' title='bbox 1664 2317 1666 2320; x_wconf 92' lang='lat'>·</span> 
     </span>
    </p>
   </div>
   <div class='ocr_carea' id='block_1_9' title="bbox 268 2357 1628 2700">
    <p class='ocr_par' dir='ltr' id='par_1_16' title="bbox 268 2357 1628 2700">
     <span class='ocr_line' id='line_1_40' title="bbox 326 2357 1628 2412; baseline -0.006 -11"><span class='ocrx_word' id='word_1_305' title='bbox 326 2363 418 2403; x_wconf 88' lang='lat' dir='ltr'>dem</span> <span class='ocrx_word' id='word_1_306' title='bbox 435 2360 589 2403; x_wconf 87' lang='lat' dir='ltr'>Etrusco</span> <span class='ocrx_word' id='word_1_307' title='bbox 609 2361 736 2398; x_wconf 90' lang='lat' dir='ltr'>mittit.</span> <span class='ocrx_word' id='word_1_308' title='bbox 766 2372 858 2412; x_wconf 90' lang='lat'>917.</span> <span class='ocrx_word' id='word_1_309' title='bbox 885 2371 918 2399; x_wconf 90' lang='lat'>1.</span> <span class='ocrx_word' id='word_1_310' title='bbox 1030 2371 1102 2398; x_wconf 85' lang='lat' dir='ltr'>nos</span> <span class='ocrx_word' id='word_1_311' title='bbox 1121 2357 1240 2407; x_wconf 66' lang='lat' dir='ltr'>salim,</span> <span class='ocrx_word' id='word_1_312' title='bbox 1266 2357 1438 2396; x_wconf 85' lang='lat' dir='ltr'>instituit.</span> <span class='ocrx_word' id='word_1_313' title='bbox 1461 2363 1628 2411; x_wconf 78' lang='lat'>38411,</span> 
     </span>
     <span class='ocr_line' id='line_1_41' title="bbox 326 2409 1628 2471; baseline -0.007 -12"><span class='ocrx_word' id='word_1_314' title='bbox 326 2420 590 2471; x_wconf 83' lang='lat' dir='ltr'>Capitolinum</span> <span class='ocrx_word' id='word_1_315' title='bbox 611 2416 795 2468; x_wconf 85' lang='lat' dir='ltr'>templum</span> <span class='ocrx_word' id='word_1_316' title='bbox 816 2414 919 2453; x_wconf 88' lang='lat' dir='ltr'>dedi·</span> <span class='ocrx_word' id='word_1_317' title='bbox 1033 2426 1093 2466; x_wconf 84' lang='lat'>13.</span> <span class='ocrx_word' id='word_1_318' title='bbox 1116 2420 1210 2467; x_wconf 77' lang='lat'>508.</span> <span class='ocrx_word' id='word_1_319' title='bbox 1233 2427 1266 2466; x_wconf 80' lang='lat'>3,</span> <span class='ocrx_word' id='word_1_320' title='bbox 1303 2414 1409 2455; x_wconf 86' lang='lat' dir='ltr'>bello</span> <span class='ocrx_word' id='word_1_321' title='bbox 1430 2425 1528 2464; x_wconf 84' lang='lat' dir='ltr'>quae</span> <span class='ocrx_word' id='word_1_322' title='bbox 1547 2409 1628 2465; x_wconf 87' lang='lat' dir='ltr'>ges·</span> 
     </span>
     <span class='ocr_line' id='line_1_42' title="bbox 322 2467 1627 2525; baseline -0.006 -10"><span class='ocrx_word' id='word_1_323' title='bbox 322 2487 395 2518; x_wconf 82' lang='lat' dir='ltr'>cat.</span> <span class='ocrx_word' id='word_1_324' title='bbox 728 2483 732 2487; x_wconf 92' lang='lat'>·</span> <span class='ocrx_word' id='word_1_325' title='bbox 773 2482 864 2525; x_wconf 83' lang='lat'>924.</span> <span class='ocrx_word' id='word_1_326' title='bbox 881 2479 916 2520; x_wconf 74' lang='lat' dir='ltr'>g.</span> <span class='ocrx_word' id='word_1_327' title='bbox 1029 2469 1128 2509; x_wconf 81' lang='lat' dir='ltr'>serit.</span> <span class='ocrx_word' id='word_1_328' title='bbox 1150 2482 1242 2522; x_wconf 86' lang='lat'>407.</span> <span class='ocrx_word' id='word_1_329' title='bbox 1272 2482 1330 2512; x_wconf 85' lang='lat'>12·</span> <span class='ocrx_word' id='word_1_330' title='bbox 1353 2482 1430 2521; x_wconf 88' lang='lat' dir='ltr'>quo</span> <span class='ocrx_word' id='word_1_331' title='bbox 1451 2467 1627 2522; x_wconf 88' lang='lat' dir='ltr'>stratage-</span> 
     </span>
     <span class='ocr_line' id='line_1_43' title="bbox 268 2523 1627 2575; baseline -0.009 -1"><span class='ocrx_word' id='word_1_332' title='bbox 268 2533 326 2574; x_wconf 86' lang='lat' dir='ltr'>M.</span> <span class='ocrx_word' id='word_1_333' title='bbox 348 2531 531 2572; x_wconf 84' lang='lat' dir='ltr'>Horatius</span> <span class='ocrx_word' id='word_1_334' title='bbox 550 2527 751 2575; x_wconf 83' lang='lat' dir='ltr'>Barbatus,</span> <span class='ocrx_word' id='word_1_335' title='bbox 775 2529 830 2567; x_wconf 88' lang='lat' dir='ltr'>M.</span> <span class='ocrx_word' id='word_1_336' title='bbox 853 2539 920 2565; x_wconf 90' lang='lat' dir='ltr'>ne-</span> <span class='ocrx_word' id='word_1_337' title='bbox 1026 2537 1130 2565; x_wconf 83' lang='lat' dir='ltr'>mate</span> <span class='ocrx_word' id='word_1_338' title='bbox 1151 2527 1323 2566; x_wconf 78' lang='lat' dir='ltr'>Albanos</span> <span class='ocrx_word' id='word_1_339' title='bbox 1355 2527 1398 2564; x_wconf 88' lang='lat' dir='ltr'>in</span> <span class='ocrx_word' id='word_1_340' title='bbox 1431 2523 1545 2563; x_wconf 86' lang='lat' dir='ltr'>rebus</span> <span class='ocrx_word' id='word_1_341' title='bbox 1568 2537 1627 2563; x_wconf 85' lang='lat' dir='ltr'>re-</span> 
     </span>
     <span class='ocr_line' id='line_1_44' title="bbox 321 2581 1622 2640; baseline -0.006 -14"><span class='ocrx_word' id='word_1_342' title='bbox 321 2601 413 2640; x_wconf 84' lang='lat' dir='ltr'>pos,</span> <span class='ocrx_word' id='word_1_343' title='bbox 447 2599 547 2639; x_wconf 87' lang='lat' dir='ltr'>quae</span> <span class='ocrx_word' id='word_1_344' title='bbox 575 2588 616 2625; x_wconf 89' lang='lat' dir='ltr'>in</span> <span class='ocrx_word' id='word_1_345' title='bbox 634 2583 764 2624; x_wconf 81' lang='lat' dir='ltr'>senatu</span> <span class='ocrx_word' id='word_1_346' title='bbox 783 2581 918 2622; x_wconf 84' lang='lat' dir='ltr'>aduer-</span> <span class='ocrx_word' id='word_1_347' title='bbox 1027 2583 1209 2633; x_wconf 86' lang='lat' dir='ltr'>petendis</span> <span class='ocrx_word' id='word_1_348' title='bbox 1242 2581 1502 2634; x_wconf 77' lang='lat' dir='ltr'>praeuerterit.</span> <span class='ocrx_word' id='word_1_349' title='bbox 1527 2590 1622 2633; x_wconf 85' lang='lat'>410.</span> 
     </span>
     <span class='ocr_line' id='line_1_45' title="bbox 318 2634 1622 2700; baseline -0.01 -14"><span class='ocrx_word' id='word_1_350' title='bbox 318 2641 379 2687; x_wconf 78' lang='lat' dir='ltr'>sus</span> <span class='ocrx_word' id='word_1_351' title='bbox 405 2645 578 2700; x_wconf 83' lang='lat' dir='ltr'>Appium</span> <span class='ocrx_word' id='word_1_352' title='bbox 599 2640 733 2696; x_wconf 31' lang='lat' dir='ltr'>‘verba</span> <span class='ocrx_word' id='word_1_353' title='bbox 766 2636 912 2680; x_wconf 76' lang='lat' dir='ltr'>fecerit.</span> <span class='ocrx_word' id='word_1_354' title='bbox 1028 2649 1089 2691; x_wconf 76' lang='lat'>13.</span> <span class='ocrx_word' id='word_1_355' title='bbox 1138 2638 1348 2691; x_wconf 84' lang='lat' dir='ltr'>triumphat</span> <span class='ocrx_word' id='word_1_356' title='bbox 1371 2637 1423 2677; x_wconf 87' lang='lat' dir='ltr'>de</span> <span class='ocrx_word' id='word_1_357' title='bbox 1445 2634 1622 2678; x_wconf 80' lang='lat' dir='ltr'>Albanis.</span> 
     </span>
    </p>
   </div>
   <div class='ocr_carea' id='block_1_10' title="bbox 1526 2693 1620 2749">
    <p class='ocr_par' dir='ltr' id='par_1_17' title="bbox 1526 2693 1620 2749">
     <span class='ocr_line' id='line_1_46' title="bbox 1526 2693 1620 2749; baseline 0.021 -16"><span class='ocrx_word' id='word_1_358' title='bbox 1526 2693 1620 2749; x_wconf 80' lang='lat'>467.</span> 
     </span>
    </p>
   </div>
  </div>
 </body>
</html>
