1751 3154
550 94 962 134 RERVM.

125 213 312 257 quantum
339 203 566 243 colonorum
589 217 724 242 nnme-

119 275 205 301 rum
223 261 271 300 ad
289 265 451 302 Romam
472 260 728 299 condendam

124 331 174 358 ex
190 317 289 358 Alba
309 314 437 356 secum
460 316 650 362 eduxerit,
681 327 723 355 et

123 384 311 426 quantum
343 374 486 411 ciuium
515 386 719 412 numerum

119 430 326 481 reliquerit
345 431 528 468 moriens.
548 435 642 481 238.
659 440 717 480 ¹3·

118 489 212 538 269.
239 489 276 528 6.
325 486 458 524 vrbem
489 496 528 523 vt
553 485 714 523 auxerit.

118 544 214 594 267.
236 549 271 591 8.
294 555 416 591 remp.
445 553 482 579 vt
501 541 716 580 instituerit.

116 610 211 650 250.
228 610 260 640 1.
282 598 524 649 plebeiorum
548 598 663 635 vitam
680 607 718 634 vt

119 656 350 694 excoluerit.
387 658 481 705 296.
511 666 548 695 2.
606 653 716 704 leges

116 724 211 762 quas
236 711 380 749 tulerit.
406 717 499 762 284.
525 718 587 759 15.
630 721 718 746 cum

117 768 235 806 Tatio
257 780 376 818 remp.
397 767 509 819 gerit.
529 777 718 816 34o pen.

115 823 279 862 deorum
307 824 452 861 cultum
484 831 520 858 vt
546 821 718 858 institue-

117 880 178 918 rit.
210 892 302 932 272.
320 891 412 929 pen.
478 875 586 915 bella
614 888 716 927 quae

119 932 288 988 gefferit.
309 946 401 987 299.
422 945 458 972 2.
506 931 717 983 triumphat

118 993 170 1030 de
205 988 499 1031 Caeninatibusr
524 999 565 1028 et
592 994 717 1029 Ante·

114 1046 320 1086 mnatibus.
339 1048 432 1098 306.
455 1057 544 1096 pen.
588 1047 714 1097 graui-

115 1113 174 1142 ter
196 1103 429 1142 vulneratur.
454 1104 546 1152 326.
573 1113 611 1151 7.
645 1101 717 1140 ite-

115 1172 199 1198 rum
221 1157 441 1209 triumphat,
461 1157 715 1196 deFidenati-

113 1215 198 1254 bus.
221 1226 313 1268 349.
333 1226 393 1267 13.
417 1225 455 1252 et
473 1214 643 1258 tertium,
663 1213 714 1251 de

111 1272 355 1310 Veientibus.
378 1283 470 1322 353.
492 1281 526 1319 3.
554 1269 712 1308 statuam

113 1325 182 1365 fibi
207 1339 294 1364 cum
313 1338 441 1364 rerum
464 1323 610 1364 suarum
635 1326 712 1364 elo-

112 1385 180 1435 gio
214 1383 391 1421 collocat.
430 1394 519 1434 349.
549 1382 609 1419 vlt.
664 1394 713 1420 an

109 1438 251 1478 Vestae
279 1439 465 1488 templum
487 1450 526 1476 et
546 1434 712 1476 sacerdo·

112 1506 171 1534 tes
194 1494 513 1545 instituerit.373.
534 1506 595 1546 13.
617 1505 712 1543 quot

111 1552 225 1590 annis
243 1550 380 1588 vixerit
400 1560 439 1587 et
459 1560 555 1599 quot
575 1562 712 1602 regna-

112 1609 171 1645 rit.
195 1609 286 1660 356.
307 1607 370 1648 vlt,
391 1615 430 1643 et
452 1617 540 1658 191.
563 1617 601 1657 7.
647 1605 711 1643 vbi

111 1661 306 1701 habitarit.
333 1674 424 1715 341.
447 1675 482 1713 3.
527 1662 566 1699 in
592 1660 711 1699 confi-

111 1719 169 1758 liis
188 1718 358 1770 prudens
379 1717 453 1757 fuit
475 1728 515 1755 et
533 1716 709 1769 magnifi-

111 1787 190 1814 cus.
209 1786 378 1827 309.11.
400 1774 550 1813 Romuli
570 1775 708 1812 obitus.

111 1842 203 1883 354.
219 1842 252 1880 ς.
285 1830 436 1869 Romuli
458 1827 705 1882 casa.205.7.

111 1887 277 1927 Romulo
314 1887 481 1936 Quirino
516 1885 632 1923 aedes
671 1896 710 1924 et

111 1941 269 1981 alternis
292 1942 404 1980 annis
416 1938 634 1979 sacrificium
654 1942 708 1980 in-

111 1997 273 2036 stituitur
297 2011 318 2036 a
337 2000 473 2036 Numa.
567 2009 656 2048 370.
675 2008 707 2036 1.

54 2057 207 2102 Romus,
226 2060 390 2094 Aeneae
409 2052 435 2091 f.
464 2059 624 2101 18012.
646 2064 706 2103 14.

111 2118 200 2162 184.
227 2121 266 2161 7.
309 2114 472 2153 Romus,
505 2106 653 2148 Ascanii
682 2105 707 2145 f.

114 2174 204 2218 133.
224 2177 261 2218 9.
289 2168 443 2211 Romus,
464 2164 709 2204 Emathionis

110 2219 139 2259 f.
167 2229 254 2273 183.
276 2233 337 2262 10.
386 2224 540 2267 Romus,
563 2221 645 2259 Itali
668 2219 707 2258 fi-

107 2276 194 2315 lius.
219 2283 306 2328 183.
333 2288 390 2318 11.
420 2279 575 2324 Romus,
599 2273 708 2329 Vlys-

111 2331 156 2370 fis
187 2329 214 2370 f.
248 2340 336 2385 183.
358 2346 393 2386 ς.
413 2334 449 2372 6.
501 2337 641 2373 Romus
667 2343 707 2370 et

106 2387 309 2434 Romulus,
349 2389 474 2427 Latini
501 2389 604 2442 regis
624 2387 703 2428 filii.

567 2452 653 2495 183·
668 2457 703 2497 3.

56 2497 197 2547 Rostra,
225 2499 363 2546 ἔμβολα,
398 2500 437 2537 in
462 2497 548 2538 foro
573 2503 705 2538 Roma-

110 2560 181 2593 no.
201 2559 360 2598 226.11.
383 2566 515 2606 293.2.
537 2568 560 2593 e
581 2554 706 2594 rostris

108 2610 476 2663 dettafflapatribus
487 2609 704 2664 filii.293.4.

779 203 1057 250 Rufus,P1'11a1·ii
1070 217 1305 259 cognomen.
1315 216 1434 262 150‘2.

1205 306 1215 310 β
1341 278 1433 316 pen.

778 315 992 357 Ruminalis
1012 315 1111 356 ficus.
1258 331 1354 372 592.
1371 331 1433 372 13.

779 376 906 424 Rupes
923 374 1114 423 Tarpeia:
1135 387 1282 424 quaere
1299 378 1342 414 in
1359 378 1408 419 T.

778 426 981 474 Rusellani,
993 432 1280 479 tmoliti-uriae.
1294 435 1432 483 5516.

776 485 978 526 Rusticano
995 484 1128 523 habitu
1148 483 1313 525 submissi
1334 489 1434 527 occi-

828 539 944 579 sores.
1093 545 1184 594 596.
1201 546 1261 584 16.
1286 555 1378 596 597.
1392 548 1430 586 6.

775 597 902 638 Rutuli
932 596 1079 635 bellum
1099 610 1184 635 cum
1206 601 1342 638 Latino
1366 612 1433 652 ge-

831 663 931 692 runt.
958 665 1046 706 144.
1072 664 1134 705 13.
1175 652 1305 692 denuo
1324 669 1345 693 a
1363 660 1434 697 La-

832 710 916 747 tino
937 708 1134 748 deficiunt.
1160 713 1248 751 161.
1274 722 1333 750 11.
1354 718 1433 754 Ae-

828 778 947 804 neam
978 776 1222 818 oppugnant.
1268 767 1356 807 162.
1393 775 1429 816 8.

830 822 1014 860 Romanis
1043 832 1082 860 et
1109 821 1258 860 Latinis
1286 819 1322 860 se
1342 835 1434 862 con-

826 876 1102 918 trouersiarum
1138 876 1302 917 arbitros
1336 876 1441 916 offe*

828 945 932 973 runt.
1282 946 1376 989 995.
1389 947 1428 989 4.

1079 1047 1118 1086 S.

772 1156 903 1197 Sabini
923 1157 1054 1196 aSabo
1079 1156 1337 1205 denominati,
1360 1158 1428 1208 qui

826 1214 921 1252 olim
944 1213 1090 1253 Vmbri.
1119 1220 1260 1266 338.1.
1285 1216 1429 1264 aSpar-

824 1272 934 1308 tanis.
957 1282 1050 1321 340.
1076 1282 1137 1311 12.
1172 1283 1308 1308 aurum
1332 1271 1427 1310 olim

822 1324 1024 1377 gestabant
1065 1337 1104 1363 et
1143 1326 1296 1364 mollius
1324 1327 1428 1365 viue-

826 1382 943 1427 bant,
985 1394 1022 1419 vt
1049 1378 1203 1422 Etrusci.
1249 1394 1340 1434 317.
1363 1393 1425 1433 13.

823 1437 1084 1490 Aboriginum
1103 1439 1353 1489 metropolim
1367 1439 1428 1475 Li-

821 1493 914 1533 stam
939 1495 1112 1546 capiunt.
1133 1507 1200 1545 40.
1225 1506 1286 1535 10.
1316 1494 1426 1534 Cuti-

824 1551 894 1589 lias
922 1551 962 1588 in
995 1552 1158 1591 Reatino
1188 1563 1282 1602 agro
1314 1551 1424 1588 inua-

824 1606 931 1645 dunt.
954 1619 1095 1659 3394
1116 1606 1190 1644 vid.
1205 1617 1286 1644 not.
1300 1619 1328 1646 t.
1349 1609 1422 1644 Ta-

823 1664 879 1700 tio
915 1661 1015 1701 duce
1050 1663 1236 1701 Romanis
1274 1662 1422 1700 bellum

819 1718 1010 1757 inferunt.
1048 1731 1139 1770 213.
1172 1731 1232 1759 10.
1276 1717 1420 1768 quibus

820 1773 1113 1813 conditionibus
1142 1787 1228 1813 cum
1257 1774 1421 1814 Romulo

820 1829 960 1869 foedus
991 1831 1226 1883 pepigerint.
1257 1842 1347 1882 333.
1386 1842 1419 1871 1.

821 1886 1070 1925 debellantur
1098 1901 1117 1924 a
1145 1887 1268 1926 'fullo
1298 1884 1421 1924 Hosti·

819 1943 883 1981 lio.
909 1950 1000 1995 508.
1021 1954 1060 1994 9.
1114 1940 1230 1980 fra&0
1253 1940 1418 1981 foedere

816 1999 958 2037 iterum
986 1998 1232 2036 debellantur
1263 1998 1309 2035 ab
1337 2000 1418 2037 Ho-

816 2055 928 2093 stilio.
964 2065 1055 2104 511.
1078 2067 1113 2106 5.
1171 2053 1417 2092 debellantur

818 2111 865 2149 ab
892 2114 1006 2149 Anco
1039 2111 1200 2151 Marcio.
1250 2113 1341 2161 526.
1375 2116 1413 2158 g,

817 2177 908 2218 531.
923 2177 956 2216 5.
977 2166 1119 2206 Latinis
1141 2179 1257 2216 opem
1278 2175 1414 2204 contra

819 2224 1012 2262 Romanos
1040 2221 1286 2272 pollicentur.
1320 2233 1414 2275 550.

819 2291 911 2330 pen.
941 2276 1189 2316 debellantur
1207 2291 1228 2317 a
1248 2278 1414 2328 Tarqui-

817 2335 885 2372 nio
915 2329 1048 2372 Prisco.
1081 2345 1171 2387 557.
1197 2346 1227 2374 1.
1277 2345 1316 2371 et
1344 2334 1415 2371 ite·

820 2403 917 2428 rum.
938 2402 1027 2442 572.
1046 2401 1106 2430 12.
1127 2388 1372 2428 debellantur
1390 2403 1412 2428 a

817 2447 1034 2496 Tarquinio
1050 2446 1239 2495 Superbo.
1259 2447 1353 2495 764.
1377 2456 1412 2495 5.

817 2502 1062 2540 debellantur
1104 2515 1124 2539 a
1161 2497 1263 2538 cons.
1303 2505 1411 2540 Rom.

818 2564 911 2611 928.
931 2559 967 2597 6.
1021 2569 1059 2594 et
1079 2558 1232 2594 iterum.
1256 2568 1351 2609 934.
1375 2563 1410 2605 8.

816 2613 1010 2664 insignem
1038 2613 1186 2652 cladem
1207 2613 1411 2664 accipiunt.

874 2672 904 2707 Y
919 2683 943 2721 γ
974 2682 999 2711 2
1316 2680 1410 2722 943·
