1751 3154
533 183 950 228 RERVM.

54 300 106 342 ad
115 302 299 356 Vnguem
317 298 547 352 exprimere.
567 308 662 353 994.
675 298 715 340 6.

55 395 260 447 Vocabula
290 405 329 433 et
356 389 510 445 phrases
540 391 612 431 arti
642 390 716 429 cui-

114 465 195 504 que
213 449 302 490 suae
321 448 419 492 sunt,
439 459 533 500 405.
549 460 587 501 4.
607 460 716 486 voca-

111 508 204 548 bula
225 507 412 553 historica,
435 505 641 550 dialefflica,
661 504 716 541 iu·

112 564 289 612 dicialia‚
320 562 477 609 comica,
512 559 716 599 etfimilia.

115 631 260 674 413.2.
293 616 385 658 Vise
404 628 442 656 et
459 616 602 658 Verba.

59 713 229 757 Vocales
257 713 400 752 literae.
438 721 506 764 72.
533 722 570 763 3.
589 721 626 762 4.
648 706 714 746 vlt.

115 782 214 822 quot
244 768 336 818 sint,
379 767 578 820 quomodo
605 761 718 803 diffe-

114 838 215 866 rant.
245 838 312 879 74.
330 836 369 877 7.
420 822 608 862 vocalium
628 832 717 858 con·

116 881 243 922 cursus
266 882 451 920 austeram
478 875 717 929 composrtio-

118 952 214 979 nem
243 937 371 977 efficit.
403 937 491 986 167.
517 945 556 987 7.
613 943 719 972 voca-

121 996 218 1035 lium
244 991 390 1032 collifio
417 989 591 1042 asperam
618 1000 720 1026 com-

119 1050 353 1105 politionem
371 1046 502 1086 efficit.
543 1056 659 1097 1090.
684 1049 719 1090 8.

120 1106 316 1147 vocalium
333 1103 545 1143 earundem
566 1112 722 1140 concur-

116 1161 176 1204 sus
199 1157 648 1210 diuellitcompolitionis
659 1168 723 1194 co-

121 1218 379 1260 haerentiam.
403 1219 521 1269 1069.
545 1225 582 1267 7.
615 1224 723 1251 voca-

121 1276 219 1315 lium
265 1269 469 1312 concursus
515 1271 557 1310 in
597 1269 722 1321 polito

123 1329 414 1383 compositionis
453 1338 603 1385 genere
633 1325 724 1364 vita-

123 1397 199 1426 tur.
227 1388 343 1437 1076.
359 1388 395 1427 6.
418 1384 610 1423 vocalium
634 1393 725 1421 con-

121 1440 250 1482 cursus
269 1442 315 1482 ab
328 1438 489 1480 Isocrate
506 1450 664 1492 quoque
673 1438 725 1476 vi-

125 1509 238 1539 tatus.
280 1504 371 1551 538.
401 1509 464 1550 14.
529 1494 725 1535 vocalium

125 1554 274 1594 collisio
298 1551 582 1607 superstitiofius
594 1551 641 1591 ab
653 1547 726 1591 lfo-

129 1622 232 1651 c-rate
251 1612 374 1651 vitata.
579 1610 673 1662 964.
691 1617 725 1648 1.

69 1703 324 1754 Voluptatem
365 1699 535 1739 dicendo
573 1696 724 1744 afferre,

127 1771 212 1797 non
232 1755 368 1796 sufficit
379 1756 533 1795 oratori.
558 1760 672 1803 1008.
686 1765 724 1795 2-

73 1849 190 1892 vocis
211 1849 406 1889 elementa
419 1858 513 1898 quot
525 1845 605 1885 fint.
617 1856 724 1898 734.

130 1905 232 1944 vocis
251 1905 471 1944 articulatae
488 1902 677 1954 principia
689 1911 728 1938 et

129 1963 326 2001 elementa
364 1961 513 2000 literae.
560 1970 627 2010 71.
666 1968 728 1998 11.

127 2017 232 2058 vocis
252 2016 496 2069 magnitud0‚
528 2013 666 2054 oratori
688 2012 730 2050 in

129 2073 266 2126 primis
303 2069 525 2111 necessaria.
569 2080 663 2122 535.
692 2075 727 2116 8.

128 2130 233 2169 vocis
253 2128 414 2167 moduli.
432 2131 497 2180 64.
523 2129 586 2169 16.
626 2126 732 2163 vocis

134 2187 178 2225 in
204 2184 356 2225 afflone
375 2184 540 2224 oratoria
560 2180 733 2234 configu-

136 2242 246 2281 ratio.
564 2245 732 2286 1118.2.

80 2332 198 2376 Vrbis
218 2331 362 2372 laudes.
382 2335 522 2383 2564
543 2329 642 2369 vrbis
657 2329 735 2366 lau-

138 2389 208 2428 des
251 2391 293 2428 in
334 2391 512 2428 oratione
548 2386 731 2425 natalitia.

138 2446 309 2498 244.vlt.
330 2443 418 2483 vrbs
440 2445 479 2482 in
501 2441 737 2496 panegyrica

139 2502 318 2540 oratione
351 2514 372 2538 a
393 2499 531 2551 quibus
548 2499 737 2538 laudetur.

589 2560 682 2600 228.
704 2564 737 2594 1.

85 2645 265 2692 vstiones
293 2657 330 2691 et
360 2643 546 2689 sectiones
571 2645 740 2688 medico-

828 307 916 334 rum
937 294 980 335 in
1001 294 1139 335 vitiatis
1156 295 1328 348 corporis
1348 307 1434 347 par·

825 350 938 391 tibus.
1253 359 1346 405 785.
1367 363 1430 405 14.

771 439 881 490 Vsus,
901 440 1057 481 dicendi
1077 444 1269 496 magister.
1306 449 1368 496 38.
1391 453 1430 483 2.

823 497 904 538 vsui
924 507 1076 550 tempus
1099 497 1209 538 suum
1230 510 1269 539 et
1289 498 1431 537 modus

826 553 892 593 est.
1258 562 1349 609 384.
1367 566 1430 607 ις.

770 644 876 687 Vtile
898 674 908 694 ,
960 645 1217 698 praecipuum
1249 644 1434 685 suasionis

828 710 953 753 capnt.
1285 715 1378 755 300.
1389 712 1432 754 7.

773 793 960 846 Vulgare,
981 789 1046 832 seu
1064 791 1274 840 mimicum,
1298 793 1437 833 ὀῐςρηέ

828 850 868 888 di
900 861 1037 902 genus.
1066 861 1157 901 215.
1178 863 1215 891 2.
1264 850 1436 903 vulgaris

828 905 1020 945 sermonis
1068 903 1237 956 speciem
1283 905 1435 945 habens

834 963 979 1010 oratio,
1017 971 1056 1000 et
1082 962 1206 1015 longe
1234 973 1364 1001 tamen
1385 961 1435 1000 ab

829 1017 974 1058 eodem
1002 1014 1200 1058 differens.
1235 1030 1328 1072 459.
1342 1029 1435 1069 pen.

776 1111 887 1152 onr
914 1108 1055 1149 eadem
1088 1120 1129 1149 et
1155 1123 1203 1150 ex
1229 1107 1346 1148 fratre
1367 1121 1439 1148 ne.

835 1166 925 1218 ptis.
954 1177 1044 1218 502.
1070 1177 1131 1208 10.
1179 1179 1272 1204 vxor
1297 1166 1441 1218 cuique

835 1220 899 1261 sua
921 1232 1072 1262 tantum
1091 1221 1307 1274 speuanda.
1329 1220 1444 1275 19.2.'

837 1289 932 1331 237.
945 1291 982 1331 4.
1004 1292 1099 1318 vxor
1113 1279 1239 1317 mariti
1253 1277 1441 1317 delicium

835 1334 1023 1385 pleclitur.
1048 1346 1165 1388 1053.
1180 1346 1241 1388 15.
1263 1335 1441 1374 vxorile-

838 1401 939 1447 gata.
1296 1401 1437 1446 5041.

1089 1521 1134 1560 X.

781 1647 959 1689 Xanthus
1008 1646 1174 1700 Lydus,
1227 1644 1441 1686 historicus.
1507 1676 1514 1685 .

1270 1702 1440 1751 818.vlt.

783 1795 989 1848 Xenippus
1014 1807 1024 1833 :
1069 1805 1217 1847 quaere
1249 1793 1293 1832 in
1317 1795 1446 1833 Euxe-

838 1852 995 1903 nippus.

785 1941 1039 1983 Xenomedes
1060 1940 1194 1990 Chius,
1231 1940 1448 1982 historicum

1273 2005 1293 2045 8
1305 2011 1319 2039 1
1329 2003 1364 2045 8.
1377 1999 1443 2037 vlt.

788 2088 1109 2142 Xenophonteae
1136 2086 1315 2128 historiae
1335 2102 1448 2142 argu·

845 2156 1036 2187 mentum.
1063 2156 1158 2197 777.
1195 2157 1254 2197 14.
1315 2149 1448 2184 Xeno-

845 2203 953 2255 phon
981 2201 1176 2242 Herodoti
1212 2201 1254 2241 in
1281 2212 1448 2252 vti-oque

845 2259 1060 2297 char-assere
1081 2257 1265 2305 imitator,
1305 2257 1449 2308 quibus

846 2318 886 2355 in
916 2314 1034 2353 rebus
1061 2310 1249 2352 affecutus
1281 2326 1372 2351 eum
1394 2312 1451 2362 sit,

851 2381 890 2410 et
919 2371 959 2408 in
988 2369 1128 2421 quibus
1155 2381 1245 2407 non.
1286 2372 1382 2421 426.
1409 2380 1449 2409 2.

845 2438 940 2480 777.
970 2438 1030 2466 11.
1063 2426 1103 2464 in
1123 2425 1263 2462 Paedia
1286 2437 1324 2463 et
1345 2429 1452 2464 Ana·

848 2482 922 2522 bari
954 2481 1106 2527 docuit,
1145 2481 1343 2530 quomodo
1369 2482 1451 2531 plu-

851 2541 950 2579 rium
993 2537 1186 2575 afflonum
1228 2537 1452 2587 complexus

848 2595 933 2635 fieri
955 2593 1066 2647 poffit
1084 2594 1123 2631 in
1141 2606 1213 2630 vna
1232 2592 1453 2644 eademque

851 2649 1450 2704 oratione.302·6.7.13.358.v1t.

1277 2704 1451 2751 Paedian
