1751 3154
796 108 1168 152 INDEX

342 235 344 237 '
383 225 505 273 2068.
527 235 617 274 pen.
661 221 710 262 ad
735 222 908 274 Appium
939 230 979 260 et

386 281 629 320 decemuiros
667 290 765 330 quae
792 277 909 318 verba
936 278 980 316 in

330 361 332 364 -
387 336 516 376 senatu
531 335 873 387 feceri't.2173.15.
897 332 981 384 post

385 392 508 444 Appii
527 391 724 431 filentium
743 404 843 442 quae
863 388 983 429 verba

386 449 435 488 ad
456 445 624 486 senatum
643 447 791 486 fecerit.
815 457 983 499 21924.

389 504 484 543 vrbe
502 503 632 543 relifla
652 505 693 542 in
705 502 869 542 Sabinos
893 514 984 539 con-

389 560 503 600 cedit.
523 570 641 601 2211.
655 562 691 601 6.
714 562 755 600 L.
766 558 923 597 Valerio
944 565 984 596 et

391 618 450 656 M.
471 615 632 654 Horatio
661 613 896 665 triumphum
917 625 985 664 pe-

387 671 558 712 tentibus
585 669 736 709 obiistit.
773 675 892 718 2281.
921 680 982 710 10.

391 727 498 780 plebi
527 739 602 766 nec
630 724 853 774 consulatu,
907 736 984 762 nec

336 808 338 810 v
389 784 466 823 alio
485 782 722 836 magistr-,atu
762 780 983 820 cedendum

386 838 542 879 iudicat
561 850 680 890 2291
700 841 737 879 6.
767 837 860 876 vtile
881 833 983 874 sena-

391 895 446 934 tui
474 906 512 933 et
537 891 651 932 confl.
685 894 749 932 dat
772 891 984 931 consilium.

388 961 509 1000 2292.
534 961 594 990 12.
633 948 796 986 tribunis
817 958 856 985 et
877 946 986 998 plebi

388 1006 527 1045 acriter
547 1002 770 1057 refragatur.
809 1015 983 1055 2302-4.

333 1066 392 1107 M.
423 1060 606 1100 Claudius
627 1090 636 1108 ‚
681 1059 800 1110 Appii
827 1057 986 1099 Claudii

388 1117 510 1156 cliens
528 1146 537 1164 ,
582 1115 700 1154 homo
735 1115 986 1164 impudenter

388 1172 525 1212 audax.
545 1183 664 1223 2229.
687 1184 704 1213 1
718 1183 750 1212 1.
780 1170 986 1223 Virginiae

390 1243 413 1268 a
431 1226 469 1268 se
488 1238 665 1279 arreptae
685 1227 880 1266 rationem
902 1225 984 1264 red-

391 1284 459 1323 dit.
480 1295 599 1335 2231.
619 1296 657 1334 4.
707 1283 924 1336 Virginiam
946 1280 984 1319 vi

384 1338 578 1379 abducere
606 1350 779 1378 conatur.
808 1349 926 1390 2239.
946 1339 984 1379 6.

389 1405 583 1448 perpetuo
609 1394 738 1434 exlilio
767 1394 977 1433 mutuatur.

813 1461 933 1501 2277
949 1461 982 1491 1

330 1510 378 1548 T.
392 1506 575 1550 Claudius
595 1519 680 1545 cum
702 1503 773 1544 suis
786 1510 942 1547 Romam
959 1517 983 1543 e

388 1562 540 1604 Sabinis
557 1562 708 1616 migrat.
829 1563 927 1613 936
943 1574 979 1612 3.

334 1618 523 1661 Claudius
544 1621 649 1657 Nero
669 1619 713 1657 Π.
734 1615 835 1655 cons.
865 1628 925 1658 11.
941 1622 979 1663 8.

331 1674 541 1715 Cleonidas
559 1673 781 1713 Thebanus.
814 1684 904 1725 537.
920 1682 981 1722 ις.

334 1731 510 1773 Clientes
541 1739 745 1780 patronum
765 1727 831 1766 sibi
850 1740 980 1779 quem-

384 1797 539 1836 cunque
550 1785 684 1838 legere
694 1795 852 1835 poteran
860 1793 981 1836 [254.

382 1851 422 1893 7.
468 1841 651 1879 clientum
672 1839 805 1878 officia.
835 1851 925 1892 257.
945 1851 984 1890 4.

387 1897 574 1935 clientum
600 1907 640 1935 et
666 1907 916 1946 patronorum
938 1896 978 1933 in

385 1951 512 1991 studio
546 1962 585 1991 et
621 1950 697 1990 fide
733 1951 977 1990 concertatio.

387 2014 481 2061 258
508 2020 566 2059 14.
595 2008 755 2046 clientes
774 2018 812 2046 et
832 2004 978 2045 sodales

386 2076 597 2115 patronum
619 2076 668 2102 ex
689 2063 780 2102 vrbe
803 2060 981 2102 seceden-

385 2129 464 2157 tem
488 2115 716 2182 sequuntur.
756 2131 875 2160 2211
917 2131 978 2159 10.

387 2175 508 2212 cliens
520 2176 688 2213 moriens
700 2185 863 2226 patrono
879 2187 979 2212 com-

384 2230 544 2268 mendat
571 2232 727 2268 tutelam
747 2229 826 2268 filii.
856 2236 975 2280 2248.

1087 219 1189 259 fimis
1223 221 1325 260 vrbis
1351 219 1555 260 struituris.
1593 227 1687 272 5¹81.

1094 288 1158 318 10.
1189 276 1418 317 Cloacarum
1439 274 1547 316 foffio
1566 279 1690 317 aTar-

1091 333 1228 384 quinio
1242 332 1364 373 Prisco
1384 333 1574 373 inchoata.
1593 340 1687 396 581.

1093 400 1131 440 4.
1157 388 1383 430 Cloacarum
1403 391 1631 443 expurgatio
1649 399 1690 429 et

1092 442 1252 483 refeffio
1271 457 1294 482 a
1312 442 1426 484 cenff.
1447 446 1623 484 locataM
1639 455 1690 483 ta·

1092 500 1221 538 lentis.
1250 507 1340 553 582.
1371 511 1404 541 1.
1460 501 1500 540 in
1529 502 1690 543 cloacas

1089 555 1265 594 comesta
1295 554 1480 595 cadauera
1511 556 1690 607 pestilen-

1095 614 1158 657 tia,
1189 611 1303 663 pestis
1321 609 1516 652 saeuitiam
1536 609 1692 665 exaspe-

1095 678 1192 707 rant.
1515 678 1634 721 2132.
1647 680 1690 720 7.

1039 724 1191 766 Cloelia
1227 723 1352 771 duce,
1398 722 1546 763 obsides
1581 722 1690 763 aufu-

1094 780 1220 833 giunt.
1241 786 1331 831 918.
1346 791 1382 833 9.
1411 780 1562 819 Cloelia
1583 792 1689 830 equo

1091 835 1290 888 phalerato
1303 835 1482 875 donatur.
1496 848 1548 889 92
1559 848 1688 887 1.pen.

1095 892 1276 933 Cloeliae
1293 890 1526 933 donatuiius
1539 904 1690 932 aeneae

1095 946 1249 986 statuae.
1544 961 1638 1002 924.
1655 959 1690 990 Ι.

1041 1003 1216 1044 Cloeliae
1247 1000 1376 1042 foffae.
1415 1014 1508 1056 413.
1542 1010 1577 1052 8-
1638 1003 1691 1044 ad

1094 1059 1262 1100 Cloelias
1295 1056 1406 1098 foffas
1436 1060 1549 1099 castra
1576 1060 1693 1112 ponit

1095 1115 1277 1154 Marcius.
1301 1127 1416 1168 1549.
1439 1127 1537 1167 peng
1571 1114 1690 1167 Apud

1093 1171 1245 1209 Liuium
1291 1169 1480 1221 quaedam
1518 1172 1690 1222 exempl.

1093 1224 1240 1264 habent
1262 1226 1426 1265 Cluiliae.

1040 1279 1217 1321 Cloelius
1244 1279 1335 1331 (seu
1356 1282 1547 1334 Cluilius)
1576 1281 1692 1322 Alba-‘

1062 1349 1164 1377 —nos
1209 1337 1249 1375 in
1285 1341 1476 1378 Romanos
1513 1339 1690 1380 concitat.

1092 1405 1184 1446 407.
1214 1394 1277 1431 vlt.
1321 1392 1443 1433 subita
1471 1404 1511 1433 et
1541 1394 1692 1434 occulta

1093 1459 1222 1489 morte
1241 1448 1508 1503 exstinguitur.
1538 1461 1635 1502 415.
1654 1461 1688 1491 1.

1039 1503 1194 1551 Cloelii‚
1220 1504 1485 1546 AlbaRomam
1506 1506 1687 1546 translati.

1093 1561 1428 1623 499.11.Cloelii
1445 1563 1618 1613 agrariae
1634 1563 1689 1600 le-

1093 1631 1114 1647 c
1125 1632 1151 1654 ·s
1218 1617 1403 1655 lationem
1454 1617 1686 1668 impediunt.

1088 1684 1209 1712 2100.
1240 1679 1275 1720 8.
1320 1684 1447 1723 eoque
1475 1673 1639 1712 nomine
1666 1686 1691 1712 a

1094 1728 1211 1779 plebe
1229 1728 1452 1768 multantur.
1483 1741 1604 1770 2101.
1622 1740 1684 1780 15.

1037 1782 1229 1823 Gracchus
1250 1783 1434 1830 Cloelius,
1457 1788 1685 1835 Aequorum

1090 1840 1310 1890 imperator.
1333 1842 1453 1889 2046.
1475 1851 1513 1891 7.
1559 1839 1686 1892 super-

1090 1894 1183 1933 bum
1203 1907 1242 1933 et
1260 1892 1559 1947 ignominiosum
1579 1897 1685 1949 lega·
1750 1907 1751 1928 ³

1090 1953 1136 1989 tis
1160 1952 1342 1991 Romanis
1359 1949 1580 2002 responsum
1605 1953 1681 1992 dat.

1089 2019 1211 2059 2047.
1238 2019 1297 2048 12.
1338 2007 1477 2046 callide
1497 2012 1602 2048 Rom.
1623 2021 1684 2047 co·

1086 2063 1168 2113 pias
1195 2063 1463 2101 circumuenit.
1493 2075 1613 2113 2049.
1641 2075 1680 2103 2.

1090 2118 1264 2156 vincitur.
1285 2129 1406 2168 2053.
1431 2129 1490 2168 15.
1531 2130 1682 2158 catena-

1085 2184 1143 2212 tus
1194 2174 1236 2212 in
1285 2171 1478 2223 triumpho
1515 2173 1680 2216 ducitur.

1508 2240 1628 2282 2055.
1641 2242 1677 2282 3.

383 2288 420 2326 6.
450 2285 568 2323 cliens
592 2286 739 2335 pati-oni
761 2283 972 2323 suinomen
1031 2287 1081 2337 Q,
1104 2283 1280 2324 Cloelius
1297 2284 1445 2324 Siculus
1464 2282 1603 2333 consul,
1626 2286 1677 2324 ob

383 2352 534 2393 gerens.
555 2352 672 2391 2229.
696 2353 755 2381 11.
803 2341 973 2379 Cliente-

384 2397 446 2434 lae
463 2397 559 2435 iura.
576 2407 668 2446 257.
691 2408 782 2446 pen.
814 2396 972 2432 cliente·

381 2453 442 2491 lae
473 2448 699 2490 numerosae
728 2450 828 2488 laudi
849 2461 886 2488 et
906 2449 971 2487 ho-

379 2508 465 2546 nori
496 2516 605 2546 erant
632 2505 838 2559 illustribus
865 2505 972 2544 fami-

382 2563 456 2602 liis.
801 2568 892 2611 258.
911 2573 970 2602 10.

327 2618 493 2660 cloacae
501 2647 511 2668 ,
540 2632 615 2659 vna
636 2631 658 2659 e
676 2615 970 2671 magnificentis-

1080 2352 1231 2378 morutn
1255 2340 1456 2379 lenitatem
1476 2340 1591 2379 rebus
1611 2341 1678 2380 do-

1078 2394 1240 2434 mesticis
1251 2395 1554 2435 administrandis
1567 2410 1676 2447 prae·

1077 2448 1210 2488 ficitur.
1233 2454 1325 2503 986.
1348 2457 1382 2498 8.
1409 2463 1524 2503 1017.
1539 2459 1573 2500 8.
1595 2453 1674 2491 eiu-

1076 2517 1157 2544 rato
1178 2506 1377 2545 consulatu
1396 2509 1578 2560 Largium
1597 2509 1675 2547 vel·

1080 2573 1121 2600 ut
1161 2563 1332 2601 interrex
1368 2561 1588 2602 diSlatorem
1617 2564 1675 2602 di.

1076 2619 1137 2660 cit.
1166 2630 1280 2661 1021.
1298 2630 1335 2660 2.
1374 2619 1568 2672 copiarum
1587 2632 1671 2669 par·

1588 2685 1669 2714 tem
