1751 3154
788 127 1185 177 INDEX

350 236 572 278 reddiderit.
600 239 721 289 2036.
749 249 784 289 3.
840 238 950 289 Opti-

348 304 496 332 matum
526 293 706 344 regimen
731 292 839 346 plebi
862 307 949 332 eon-

351 350 454 389 cedit
510 349 744 388 iudiciorum
787 349 949 401 potesta-

352 417 453 452 tem3
492 406 548 444 ius
567 406 660 444 item
679 402 847 454 senatus,
873 419 948 444 ma-

294 504 296 508 ·
351 461 594 515 gistratuum,
635 458 946 501 sacerdotiorum.

291 559 295 565 ,
351 520 470 571 1467.
490 531 580 569 pen.
626 518 869 568 Optimatum
891 531 947 556 re-

290 616 294 619 *
346 575 482 627 gimen
511 571 657 612 summo
682 574 808 612 studio
826 588 847 613 a
868 575 945 626 pri-

348 631 418 669 scis
449 627 663 669 defensum.
701 636 821 683 2187.
853 643 942 682 pen.

348 686 603 737 Optimatium
624 687 798 737 potentia
811 686 943 738 legum

348 742 497 782 latione
552 742 734 780 imminui
780 743 942 782 videtur.

345 801 467 850 2136.
489 810 528 839 2.
548 799 805 848 Optimatium
824 796 941 838 faetio

340 854 575 893 interimitur
594 855 744 895 Cumis.
773 865 888 907 1327.
905 866 941 907 ς.

345 907 435 950 Vise
455 921 493 948 et
511 909 674 949 Pati-lcii.
766 946 769 950 ,

290 966 499 1006 Oraculum
527 962 736 1004 consulitur
755 962 806 1002 de
825 963 940 1016 pestis

286 1064 288 1067 ,
344 1018 525 1059 insolitae
569 1020 700 1059 cauffis
743 1029 783 1058 et
817 1033 941 1059 reme-

341 1077 425 1116 diis.
448 1082 538 1130 805.
563 1089 624 1118 12.
645 1076 855 1115 oraculum
872 1079 941 1116 Pe.

341 1131 451 1186 lasgis
463 1131 604 1173 datum.
618 1145 775 1184 50.pen.
797 1136 942 1173 Oracu-

340 1189 422 1228 lum
435 1188 621 1228 Dardano
639 1189 784 1230 datum.
809 1200 939 1242 1737.

281 1245 441 1295 Oratio,
484 1245 604 1284 animi
631 1246 774 1298 imago.
813 1258 850 1297 3.
873 1258 937 1298 13.

342 1302 552 1342 Orationes
589 1302 631 1340 in
668 1300 938 1340 controuersiis

338 1357 494 1397 habitae
530 1370 595 1396 cnr
622 1371 644 1396 a
670 1355 859 1409 Dionysio
882 1357 938 1396 iu-

278 1456 280 1459 ,
337 1411 459 1453 sertae
489 1411 561 1452 lint
585 1412 777 1452 historiae.
817 1425 934 1465 1471.

341 1483 377 1524 5.
404 1482 442 1524 7.
495 1471 706 1509 Orationes
733 1468 935 1509 funebies.

767 1532 934 1578 884-15·

282 1583 413 1622 Oratio
439 1585 701 1623 Romanorum
728 1582 774 1621 ad
795 1586 934 1622 Romu·

335 1641 415 1678 lum
427 1639 606 1680 coloniae
616 1637 765 1676 ducem
771 1649 862 1689 243
867 1638 929 1675 vlt.

333 1691 533 1732 consulum
566 1693 614 1733 ad
649 1690 844 1737 senatores
873 1703 929 1730 tu-

330 1750 575 1789 multuantes
602 1761 716 1800 1190
735 1751 773 1791 6
799 1745 929 1787 consu-

336 1807 415 1844 lum
453 1804 500 1844 ad
537 1802 763 1846 Volscorum
801 1804 928 1855 postu-

329 1863 413 1901 lata.
439 1872 554 1915 1524.
568 1874 603 1914 3.
624 1860 865 1900 tribunorum
879 1860 927 1899 ad

330 1914 558 1964 consulem3
606 1914 841 1956 excusatoria
887 1927 926 1956 et

328 1975 518 2026 petitotia.
537 1975 654 2016 2066
669 1986 759 2025 pen.
780 1974 926 2026 legato-

326 2043 410 2070 rum
420 2032 524 2068 Rom.
545 2029 591 2068 ad
602 2029 817 2070 Samnitum
840 2042 924 2081 pro-

325 2098 445 2124 ceres.
475 2097 593 2135 2320.
615 2097 653 2125 2.
707 2086 923 2124 Samnitum
958 2133 964 2139 .

325 2142 372 2180 ad
419 2143 677 2186 Romanorum
728 2139 923 2191 postulata.

323 2209 443 2248 2322.
465 2197 528 2234 vlt.
547 2195 857 2235 fetialisRomani
874 2195 922 2235 ad

321 2253 509 2293 Cluilium
547 2250 785 2290 dic'latorem'
808 2251 922 2292 Alba-

324 2321 429 2348 num.
467 2319 612 2359 4121.
670 2307 921 2346 Oratiuncula

325 2363 509 2416 primipili
555 2362 601 2401 ad
639 2360 756 2401 conff.
794 2372 834 2401 et
870 2362 919 2401 ad

325 2420 622 2459 commilitones.
640 2421 756 2471 1764.
767 2429 805 2470 7.
827 2419 918 2457 Ora·

322 2478 377 2516 tio
390 2483 549 2517 Aeneae
565 2473 611 2514 ad
623 2475 807 2518 Latinum.
829 2485 916 2526 147.

325 2544 361 2584 ς.
409 2531 591 2575 etLatini,
609 2530 656 2570 ad
677 2529 843 2570 eandem
862 2542 917 2568 re-

321 2586 480 2637 sponsio.
508 2594 676 2640 148.-12.
703 2590 777 2638 Ap.
799 2587 914 2628 Clau-

319 2645 377 2684 dii
404 2643 455 2684 de
483 2641 697 2684 domesticis
722 2653 762 2683 et
788 2652 914 2686 exter-

1063 249 1123 276 ms
1144 235 1262 276 turbis
1281 232 1469 278 sedandis.
1495 241 1612 284 1126·
1622 250 1661 294 7
1719 287 1725 290 ,

1062 293 1179 345 Appii
1198 292 1363 335 Claudii
1369 305 1504 334 contra
1519 297 1576 336 Μ.
1586 299 1662 337 Va·

1060 350 1211 388 lelium.
1262 360 1377 403 1173.
1420 362 1480 392 12.
1551 357 1653 404 App-

1058 405 1215 445 Claudii
1246 404 1298 444 de
1328 405 1447 457 plebe
1472 408 1661 447 reducen-

1061 461 1120 500 da.
1154 473 1270 514 1194.
1299 465 1338 504 6.
1400 469 1474 514 Ap.
1503 464 1659 506 Claudii

1058 528 1189 556 contra
1212 514 1576 559 senatusconsultum
1607 519 1660 559 de

1057 574 1224 625 patriciis
1248 574 1387 625 populi
1408 574 1550 615 iudicio
1575 573 1657 615 sub-

1056 629 1267 668 mittendis.
1290 632 1406 683 1416.
1430 643 1489 673 12.
1534 632 1655 684 Appii
1725 686 1727 691 ,

1057 685 1215 727 Claudii
1251 697 1385 724 contra
1411 687 1657 727 tribunorum

1054 741 1250 793 postulata.
1292 746 1409 795 1867.
1445 755 1480 794 3.
1535 745 1656 796 Appii

1053 798 1206 837 Claudii
1256 796 1471 838 decemuiri
1510 800 1558 839 ad
1597 811 1654 840 tu·
1728 824 1730 826 ·

1050 854 1284 893 multuantes
1311 856 1353 894 in
1384 858 1486 894 curia
1513 867 1651 908 patres.

1052 922 1172 962 2172.
1189 923 1226 963 4.
1277 912 1397 963 Appii
1421 912 1577 954 Claudii
1596 909 1655 951 su-

1054 978 1124 1017 per
1134 966 1338 1019 Virginiae
1351 969 1523 1021 negotio,
1528 980 1648 1022 2237
1658 998 1662 1001 »

1051 1034 1090 1063 2
1108 1033 1277 1073 2240.1
1296 1031 1415 1073 2248.
1430 1037 1467 1065 2.
1487 1037 1606 1077 2250
1616 1037 1648 1066 1·

1052 1079 1101 1118 C
1129 1078 1285 1119 Claudii
1322 1090 1454 1118 contra
1482 1081 1650 1134 Virginii

1051 1132 1199 1172 tribuni
1228 1133 1424 1186 postulata.
1461 1148 1581 1188 2013.
1609 1139 1646 1178 6
1707 1159 1711 1163 ·

1052 1190 1099 1230 C.
1131 1189 1285 1231 Claudii
1319 1190 1367 1229 ad
1393 1189 1567 1234 senatum
1594 1193 1646 1231 de

1050 1246 1172 1298 Appii
1190 1245 1457 1285 obstinatione.
1479 1250 1642 1300 21926.

1049 1302 1094 1342 C.
1123 1301 1277 1341 Claudii
1312 1301 1360 1342 ad
1398 1301 1569 1342 senatum
1606 1314 1644 1344 et

1047 1356 1161 1396 conff.
1175 1358 1225 1396 de
1237 1358 1363 1410 plebis
1375 1358 1509 1410 postul.
1521 1371 1643 1412 2292.

1046 1415 1082 1454 6.
1139 1415 1195 1453 M.
1219 1415 1377 1454 Claudii
1404 1414 1450 1454 ad
1473 1416 1644 1466 Appium

1047 1470 1313 1510 decemuirum
1334 1470 1386 1510 de
1405 1482 1556 1523 arrepta
1573 1470 1643 1512 ase

1047 1527 1238 1579 Virgittia.
1263 1538 1384 1579 2231.
1405 1539 1441 1579 5.
1498 1528 1642 1568 Cloelii

1043 1586 1276 1632 Aequorum
1313 1583 1557 1633 imperatoris
1590 1583 1639 1623 ad

1039 1641 1148 1678 Rom.
1167 1638 1322 1689 legatos.
1344 1650 1465 1690 2047.
1491 1651 1550 1680 12.
1596 1641 1637 1679 L.

1040 1694 1217 1735 Cornelii
1236 1707 1304 1745 pro
1326 1694 1638 1735 decemuirorum

1039 1749 1246 1801 postulatis.
1266 1762 1384 1802 2194.
1407 1761 1441 1800 5.
1470 1752 1636 1792 M-Cor-

1039 1806 1135 1844 nelii
1161 1804 1208 1846 ad
1227 1807 1271 1847 C.
1291 1806 1446 1845 Claudii
1472 1808 1634 1846 monita.

1035 1873 1157 1914 2191.
1184 1874 1222 1914 9.
1268 1863 1325 1901 M.
1345 1863 1469 1909 Decii,
1488 1862 1634 1902 tribuni

1036 1918 1089 1969 pl.
1108 1917 1155 1956 ad
1172 1916 1355 1957 senatum.
1372 1924 1484 1971 1398.
1499 1927 1534 1968 8.
1553 1918 1630 1959 vid.

1034 1985 1118 2013 not.
1135 1988 1187 2020 m.
1210 1988 1247 2026 p.
1273 1986 1390 2026 1397.
1438 1977 1493 2015 M.
1514 1975 1631 2014 Decii

1035 2029 1181 2068 tribuni
1200 2029 1246 2068 ad
1267 2030 1423 2081 plebem
1443 2041 1572 2070 contra
1583 2032 1629 2071 C.

1033 2086 1238 2129 Marcium.
1265 2088 1378 2137 1460.
1391 2099 1427 2137 4.
1452 2087 1507 2126 M.
1520 2085 1629 2126 Fabii

1032 2141 1079 2180 ad
1099 2141 1254 2180 milites.
1278 2152 1392 2192 1757.
1419 2152 1478 2182 10.
1509 2142 1629 2183 Metii

1032 2195 1173 2235 Fufetii
1191 2196 1238 2234 ad
1249 2196 1405 2234 Tullum
1419 2195 1626 2236 Hostilium

1033 2263 1072 2290 et
1090 2256 1291 2292 Romanos
1313 2263 1406 2304 420
1419 2252 1478 2290 vlt.
1516 2251 1626 2294 Fufe—

1031 2307 1073 2345 tii
1097 2306 1145 2345 ad
1163 2306 1363 2347 Hostilium
1385 2306 1435 2346 de
1454 2309 1626 2348 ccmmit-

1029 2362 1156 2401 tendis
1183 2363 1407 2416 trigeminis.
1445 2375 1622 2418 44413.

1028 2417 1170 2459 Fufetii
1188 2419 1234 2457 ad
1256 2419 1375 2458 duces
1388 2419 1560 2459 Albanos
1575 2420 1626 2459 de

1027 2475 1265 2538 proditione.
1285 2487 1454 2529 473.14
1474 2476 1622 2515 Horatii

1029 2532 1144 2582 patris
1172 2531 1219 2570 ad
1247 2529 1345 2570 filios
1367 2532 1619 2584 trigeminos;

1023 2598 1063 2624 et
1109 2588 1404 2640 trigeminorum
1442 2587 1490 2626 ad
1529 2600 1618 2627 ean-

1025 2642 1113 2684 dem
1132 2641 1338 2697 responsio.
1357 2654 1450 2697 452
1444 2655 1490 2699 ..7
1483 2653 1542 2738 ξιτ
1557 2655 1616 2694 14.

1540 2710 1617 2738 or-a
