1751 3154
541 140 952 185 RERVM.

127 255 230 295 niam
253 250 431 294 deserere
451 264 535 292 non
554 248 718 292 sustinet.

554 314 719 363 1547.8.

68 367 286 410 Mezentius
299 396 308 414 ‚
333 365 510 405 Etruriae
526 378 602 411 1·eX,
630 377 718 403 cum

124 423 257 465 Rutilis
287 426 463 463 Aeneam
503 429 717 473 oppugnat.

125 482 216 521 162.
241 490 302 519 10.
346 479 386 516 in
406 478 595 530 angustias
615 474 719 514 reda-

126 534 208 573 &ns
234 546 372 586 pacem
400 546 486 573 cutn
505 532 646 575 Latinis
666 528 720 569 fa-

124 591 187 629 cit.
551 591 716 639 165.11.

68 645 310 687 Milesiorum
328 642 474 685 seditio,
525 653 639 695 1472-
657 644 717 684 16.

69 703 241 744 Militare
276 701 370 740 foris
406 698 576 740 solebant
603 696 721 749 vsque

127 759 174 797 ad
188 771 334 796 annum
348 757 481 797 aetatis
493 756 720 807 x1,v·678-6.

125 814 351 857 Militabant
371 811 440 852 suis
459 809 638 851 sumtibus
660 821 724 849 ve-

129 882 231 909 teres
251 870 423 910 Romani.
553 870 635 917 634
662 877 724 909 ΙΙ.

74 927 244 969 Militiae
273 936 310 965 et
334 923 588 977 agriculturae
604 921 726 961 studia

133 981 337 1033 coniungit
351 980 543 1020 Romulus.
563 990 681 1032 2971
693 990 726 1020 1.

128 1039 299 1080 Militiae
325 1033 537 1077 desertores
568 1049 639 1087 pro
660 1033 730 1073 ho·

131 1093 249 1133 stibus
269 1091 473 1132 habentur.
499 1104 617 1144 2039.
636 1103 728 1142 pen.

128 1150 296 1188 militiae
323 1145 535 1186 desertores
564 1160 633 1199 pro
660 1147 729 1194 im-

132 1207 206 1258 piis
245 1215 284 1245 et
312 1202 515 1244 exsecratis
545 1202 730 1242 habendi.

131 1273 254 1313 2104.
277 1261 342 1304 vlt.
392 1260 568 1298 militiam
589 1257 733 1298 subter-

135 1316 335 1369 fugientes
378 1316 446 1355 vel.
476 1317 516 1354 in
557 1326 732 1366 corpore,

134 1375 198 1412 vel
220 1373 260 1411 in
282 1372 410 1418 bonis,
443 1370 733 1410 mulctabantur.

348 1439 463 1481 1707.
477 1439 512 1469 2.
538 1438 732 1479 1724-14.

81 1483 453 1531 Miltiades2Arelion
465 1481 608 1524 Athen.
617 1494 633 1524 1
643 1485 733 1536 316.

672 1551 733 1580 10.

81 1596 266 1637 Minerua
297 1595 507 1649 pyrrichen
540 1592 736 1635 inueniss'e

139 1652 320 1692 creditur.
345 1654 509 1704 1488.6.
530 1652 739 1692 Mineruae

140 1709 330 1764 templum
350 1720 423 1747 vet.
444 1719 509 1759 39.
529 1718 570 1760 2.¹
590 1707 738 1746 Miner-

138 1777 212 1807 vae
231 1763 472 1805 vestibulum.
493 1766 584 1816 586.
605 1775 643 1816 9.
664 1763 741 1800 Mi-

141 1832 289 1858 nei-uae
319 1830 358 1858 et
384 1821 548 1859 Iunonis
580 1817 672 1857 fana
698 1819 738 1856 in

143 1875 357 1926 Capitolini
370 1875 470 1913 louis
489 1873 595 1913 aede.
607 1881 740 1926 7897.

141 1933 355 1975 Mineruae
367 1929 534 1971 Vrbicae
553 1928 740 1971 sacerdos,

576 1987 741 2038 1196.4.

34 2064 37 2065 ⁷
90 2041 272 2084 Ministro
309 2042 463 2092 publico
501 2054 638 2081 manus
675 2041 742 2091 qni

146 2095 355 2143 intulisset,
398 2098 444 2137 ad
463 2098 657 2148 Tarpeiae
685 2110 744 2134 rn-

147 2156 206 2206 pis
229 2152 459 2206 supplicium
479 2152 743 2195 damnabatur.

573 2215 689 2260 1851.
708 2219 745 2247 2.

96 2265 228 2305 Minos
247 2265 442 2306 Cretenfis
463 2279 512 2305 an
532 2266 617 2305 Ioui
639 2263 745 2303 simi-

155 2321 254 2358 liaris
274 2320 401 2360 fuerit.
493 2325 663 2375 365.15.
684 2322 744 2361 16.

98 2377 304 2417 Minturna
325 2377 476 2416 fluuius.
632 2381 695 2420 26.
710 2388 743 2415 2.

99 2436 137 2473 L.
168 2433 362 2471 Minucius
393 2430 534 2471 consul.
570 2444 688 2485 2045.
711 2444 747 2471 2.

157 2490 199 2527 L.
224 2488 421 2527 Minucius
442 2489 546 2527 Xuir.
567 2495 687 2538 2148.
712 2501 746 2529 2.

580 2554 699 2594 2214.
714 2549 751 2590 g.

101 2600 159 2640 M.
179 2600 375 2641 Minucius
395 2595 537 2637 consul.
573 2602 689 2650 1036.
712 2612 750 2639 2.

154 2657 208 2696 M.
237 2656 433 2697 Minucius
461 2656 687 2708 Augurinus
706 2656 750 2694 11.

826 249 930 293 cons.
952 259 1116 307 1358.4;
1137 252 1311 296 senatum
1322 256 1431 309 apud

829 308 987 360 pldiem
1027 309 1229 362 defendit,
1281 323 1321 352 et
1352 326 1423 366 pro

829 365 979 407 Marcio
999 365 1216 407 intercedit.
1235 369 1424 422 1373.vlt.

829 422 881 469 de
916 417 1066 459 senatus
1100 422 1270 463 consulto
1300 424 1426 474 plebis

829 473 922 515 scito
950 477 1237 528 praemittendo
1257 491 1346 519 cum
1365 481 1427 520 tri-

830 531 948 572 bunis
965 533 1059 586 agit.
1084 537 1200 586 1396.
1223 548 1255 577 1.
1272 547 1313 587 7.
1355 549 1425 589 pro

826 589 977 630 Marcio
995 589 1041 627 ad
1059 589 1215 639 plebem
1237 604 1429 641 quaerer-

832 644 884 684 ba
895 643 1428 701 fecerit.1453.16.1454.vlr.

833 700 883 740 ad
903 699 1076 740 tribunos
1088 714 1156 752 pro
1167 702 1316 742 Marcio
1330 715 1430 754 quae

835 756 952 796 verba
963 755 1107 799 fecerit.
1126 761 1309 810 1456.14.
1332 771 1432 809 quae

835 812 954 852 verba
979 814 1019 851 in
1044 813 1243 866 legatione
1263 813 1311 852 ad
1332 817 1432 855 Mar-

837 869 937 908 cium
955 866 1105 909 fecerit.
1233 882 1351 924 1551.
1369 882 1430 924 15.

782 927 824 966 P.
843 925 1042 967 Minucius
1063 922 1202 965 consul.
1265 938 1431 979 1317.1.

784 982 836 1031 Q.
884 980 1081 1021 Minucius
1123 978 1265 1020 consul.
1309 994 1433 1034 2057.

845 1048 908 1090 14.
940 1037 982 1075 iu
995 1036 1157 1077 Sabinos
1175 1036 1432 1089 proficiscitur.

1234 1105 1435 1147 207012.

786 1146 928 1191 Miseni
945 1158 1089 1200 portus.
1116 1160 1202 1202 135.
1219 1153 1252 1193 6.
1279 1162 1437 1204 13177.

787 1206 1025 1258 Mitylenaei
1037 1206 1218 1247 Pittacum
1231 1216 1364 1245 contra
1376 1214 1405 1247 A
1414 1207 1439 1243 l-

845 1273 982 1301 caeum
1027 1271 1160 1302 creant
1199 1261 1438 1302 dictatorem.

1267 1331 1439 1371 1023.3.

789 1373 948 1416 Modius
960 1372 1153 1418 rabidius.
1266 1387 1288 1426 3
1297 1378 1359 1427 36.
1374 1374 1439 1416 vlt.

789 1431 951 1471 Moenia
969 1427 1073 1469 sestis
1091 1429 1279 1479 lapidibus
1300 1432 1443 1482 primus

846 1485 1029 1525 exstruxit
1046 1487 1278 1536 Tarquinius
1292 1484 1443 1526 Priscus,

849 1548 941 1593 581.
962 1553 996 1583 1.
1044 1551 1136 1580 ante
1156 1543 1314 1582 Moenia
1335 1555 1445 1586 excu-

850 1598 932 1636 bias
956 1598 1035 1650 agit
1054 1598 1151 1636 alter
1169 1596 1299 1636 consul
1318 1599 1357 1636 in
1380 1610 1446 1649 pe-

852 1653 985 1692 riculis
1001 1653 1204 1693 intestinis,
1274 1666 1395 1706 2027.
1409 1665 1446 1705 3.

795 1709 903 1750 Mola
926 1706 1014 1749 salsa
1025 1709 1065 1748 in
1076 1706 1273 1748 sacrificiis.
1291 1722 1446 1764 14953.

1233 1770 1350 1818 1496.
1366 1778 1398 1807 1.
1412 1778 1448 1818 3.

797 1821 932 1864 Mollis
945 1820 1047 1861 vnde
1058 1822 1354 1876 cognominatus
1366 1822 1451 1862 Ari-

851 1877 1054 1918 stodemus.
1225 1889 1340 1930 1315.
1359 1891 1449 1928 pen.

797 1932 1014 1974 Monareha
1023 1936 1166 1973 Romae
1184 1933 1332 1984 primus
1349 1933 1452 1984 (post

855 1990 1004 2027 exneios
1037 1989 1178 2041 reges)
1216 1991 1264 2028 T.
1292 1989 1452 2042 Largius

852 2044 1024 2083 difflatur.
1282 2056 1449 2097 1021.5.

800 2099 1065 2141 Monarchiani
1096 2111 1197 2151 quae
1221 2099 1314 2139 vitia
1335 2101 1454 2140 comi-

855 2165 1006 2203 tentur,
1049 2165 1088 2193 et
1116 2156 1312 2207 quomodo
1338 2157 1455 2196 corri-

858 2211 990 2263 genda
1023 2209 1107 2253 sint,
1140 2217 1314 2263 815.11.
1369 2218 1456 2255 Mo-

858 2266 1014 2307 nai-chia
1042 2267 1081 2305 in
1112 2269 1357 2319 tyrannidem
1390 2269 1456 2309 de-

859 2334 1072 2374 generans,
1103 2336 1121 2361 a
1146 2324 1273 2374 paucis
1295 2325 1457 2375 optima-

861 2379 959 2418 tibus
998 2379 1036 2416 in
1073 2378 1255 2419 ordinem
1293 2382 1454 2432 cogitur.

1264 2447 1456 2488 1440.11.

807 2490 1086 2531 monomachia
1113 2491 1271 2530 Aruntis
1296 2493 1459 2543 Tarqui-

863 2548 920 2585 nii
954 2558 991 2584 et
1028 2547 1143 2586 Bruti.
1196 2552 1285 2597 879.
1324 2561 1360 2602 ς.
1389 2549 1454 2588 vlt.

869 2603 1035 2645 Mamilii
1066 2613 1104 2641 et
1124 2601 1297 2643 Aebutii.
1340 2608 1457 2646 1061.

1396 2671 1457 2701 12.

1269 2714 1458 2756 Monstro-
