1751 3154
560 113 593 154 R
647 115 691 155 E·
733 114 771 155 Rt
821 115 876 156 Vv
913 113 971 155 M.

147 226 360 277 mosthenis
388 224 505 266 dictio
536 222 741 265 obscurior.

146 289 241 340 461.
266 296 327 326 10.
371 281 644 321 Demosthenis
664 295 743 320 ora-

147 344 275 382 tiones
314 339 465 391 optimis
503 337 742 390 po‘e'matihus

148 408 189 437 et
201 395 433 435 carminibus
446 393 593 432 similes,
608 405 742 446 1901.

151 464 241 506 197.
266 463 324 492 12.
367 450 642 491 Demosthenis
662 463 743 489 ora-

142 509 271 548 tiones
299 507 419 558 longe
443 507 552 546 aliter
586 503 741 544 affectus

145 559 740 613 cient,quamIsocrateae.1021.

145 620 212 659 vlt.
255 616 528 658 Demosthenis
545 619 741 657 orationes

144 674 325 726 publicae
344 687 420 725 qna
441 687 629 713 annorum
646 671 742 712 serie

144 730 316 771 habitae.
336 740 429 782 724.
450 735 487 773 6.
514 728 742 771 Demosthe-

143 789 206 827 nis
236 787 432 825 orationes
462 786 642 837 publicae
664 796 735 832 ΧΠ,

143 854 237 883 ante
272 841 485 884 Aristotelis
521 839 741 882 Rhetoricae

145 899 444 951 praeceptiones
469 896 634 935 habitae.
645 907 739 948 727.

145 966 185 996 2.
244 953 514 995 Demosthenis
545 953 740 991 orationes

146 1009 331 1064 publicae
384 1022 460 1060 quo
520 1008 741 1047 characiere

143 1064 306 1118 scriptae
332 1065 555 1116 pleraeque.
588 1077 682 1118 993.
702 1075 739 1116 9.

145 1119 417 1164 Demosthenis
444 1122 638 1159 orationes
669 1121 744 1172 pri-

143 1187 268 1224 vatae,
291 1174 354 1216 seu
375 1182 524 1214 ἰδιωτικοὶ
545 1175 652 1222 λέγω,
676 1177 744 1214 cir·

145 1235 241 1273 citer
257 1246 315 1270 xx.
338 1245 428 1285 993.
449 1236 487 1275 6.
519 1231 742 1273 Demosthe-

147 1290 210 1329 nis
250 1289 489 1327 iudicialium
524 1289 743 1327 orationum

147 1344 458 1396 praestantisiima
480 1357 535 1392 ea,
556 1356 656 1395 quae
672 1356 742 1395 pro

146 1405 306 1442 Corona
327 1400 380 1438 est
398 1399 537 1439 habita.
567 1408 659 1453 943.
681 1400 742 1438 vlt.

145 1454 421 1498 Demosthenis
445 1467 484 1495 et
498 1453 588 1495 lsaei
609 1457 744 1494 oratio-

144 1526 215 1553 nes
231 1510 395 1551 salsitatis
414 1522 453 1551 et
471 1511 678 1551 iniustitiae
689 1509 746 1550 su·

146 1566 304 1619 speciae.
325 1579 417 1620 592.
438 1571 474 1611 6.
513 1567 746 1607 Demosthe-

148 1626 210 1665 nis
245 1624 491 1674 Philippicae
529 1625 742 1663 conciones

148 1693 239 1728 xu,
279 1691 318 1718 et
347 1692 426 1730 quo
447 1692 628 1731 quaeque
651 1689 744 1718 tern-

145 1748 244 1788 pore
273 1733 440 1774 habitae.
469 1747 563 1789 739.
583 1747 617 1787 ς.
663 1739 746 1777 De-

148 1790 361 1832 mosthenis
388 1793 595 1830 conciones
612 1791 745 1829 aduer-

149 1845 208 1887 sus
225 1845 470 1898 Philippum,
507 1847 662 1898 quando
683 1847 746 1885 ha·

150 1902 235 1942 beri
255 1913 429 1954 coeptae.
453 1915 546 1955 725.
571 1914 630 1944 11·
669 1905 746 1942 De·

149 1957 361 1998 mosthenis
389 1957 645 2009 Philippicae,
682 1971 746 1996 ex-

149 2025 263 2065 cepta
283 2027 340 2062 ea,
361 2026 459 2064 quae
479 2015 528 2052 de
548 2011 743 2053 Haloneso

150 2069 234 2119 est,
273 2083 410 2109 omnes
441 2069 745 2122 Thucydideum

154 2125 408 2165 charaeierem
420 2125 744 2177 referunt.981.6.

147 2180 430 2222 Demosthenes
493 2181 745 2233 Philippicam

150 2235 292 2277 sextam
350 2237 505 2288 quando
552 2237 744 2276 habuerit.

151 2295 246 2345 736.
267 2304 357 2344 pen.
377 2292 651 2335 Demosthenis
671 2307 750 2331 ora-

153 2349 208 2387 tio
228 2348 275 2386 ad
294 2347 464 2401 Philippi
485 2349 694 2401 epistolam,
725 2361 747 2387 a

152 2403 392 2445 Callimacho
427 2403 643 2444 inscribitur
675 2417 746 2456 pro

152 2457 364 2501 Haloneso.
394 2472 486 2514 994.
512 2473 544 2502 1.
604 2464 750 2501 Demo-

152 2515 302 2554 sthenis
329 2519 466 2554 concio
494 2516 545 2554 de
571 2529 646 2567 ope
666 2520 751 2557 Me·

153 2571 428 2623 galopolitanis
440 2570 615 2616 serenda,
629 2585 746 2622 quan·

154 2626 206 2685 do
225 2626 375 2683 habita.
401 2639 494 2681 725.
514 2639 563 2685 9·.
601 2629 748 2669 Demo·

849 225 996 266 sthenis
1035 225 1166 268 oratio
1186 224 1237 268 de
1261 224 1452 270 Claffibue

853 282 1010 332 quando
1039 280 1192 334 scripta,
1239 293 1279 322 et
1299 296 1376 334 quo
1394 297 1451 323 ar-

854 350 1052 391 gumento.
1073 350 1270 393 724.pen.
1298 341 1450 378 Demo·

852 393 994 433 sthenis
1024 395 1144 433 Oratio
1173 402 1245 441 περὶ
1263 396 1450 441 Συμμοςιῶν

851 450 956 489 leffe
994 460 1035 488 et
1072 451 1361 490 conuenienter
1388 451 1449 490 in-

851 504 1078 546 scriberetur
1139 513 1214 553 πεςὶ
1258 508 1449 545 samanar.

851 573 944 615 351.
958 574 994 614 3.
1016 560 1299 600 Demosthenes
1310 563 1349 600 in
1365 574 1450 602 ora·

851 619 961 657 tione
978 616 1029 655 de
1039 616 1223 657 Claffibus
1243 618 1348 656 aliud
1361 631 1450 669 pro-

852 685 1017 725 ponens,
1035 671 1134 712 aliud
1153 672 1281 711 efficit.
1302 685 1394 725 292.
1408 685 1449 714 2.

853 741 947 782 351.
959 742 995 783 3.
1015 727 1301 769 Demosthenes
1313 730 1353 767 in
1367 742 1452 768 ora-

850 787 961 825 tione
983 785 1033 824 de
1044 781 1149 826 Falsa
1167 785 1371 838 legatione
1381 783 1451 824 do-

849 843 940 888 cuit,
964 839 1163 892 quomodo
1182 839 1285 879 aliud
1303 852 1450 891 propo-

850 897 986 937 nendo
1005 896 1105 935 aliud
1118 895 1448 949 efficiamus.287.

854 966 888 995 1.
908 957 1041 1002 2836.
1062 952 1262 991 vid.etiam
1273 962 1451 1004 p.351.1.

851 1019 891 1050 et
912 1022 1003 1062 359.
1026 1016 1061 1058 8.
1100 1006 1385 1049 Demosthenes
1405 1007 1454 1048 in

854 1066 1029 1104 oratione
1047 1078 1115 1116 pro
1128 1065 1286 1104 Corona
1306 1061 1454 1112 docuit,

851 1121 1050 1173 quomodo
1089 1121 1275 1159 decenter
1299 1131 1344 1158 ac
1371 1117 1455 1170 spe-

852 1174 952 1216 ciose
973 1177 1103 1216 dicere
1123 1175 1319 1226 pommus,
1349 1186 1452 1225 quae

854 1234 1042 1273 volumus.
1082 1245 1174 1286 350.
1203 1244 1239 1272 2.
1303 1233 1453 1270 Demo-

851 1290 1007 1329 sshenes
1027 1290 1069 1328 in
1089 1289 1264 1327 oratione
1283 1299 1354 1338 pro
1373 1288 1453 1328 Co-

856 1359 951 1385 rona
972 1346 1113 1391 docuit,
1143 1341 1341 1395 quomodo
1363 1355 1456 1381 con·

854 1402 1012 1441 trarium
1051 1399 1218 1440 dicendo
1258 1397 1369 1451 poffit
1397 1396 1454 1437 ef-

854 1456 928 1496 fici.
957 1460 1050 1505 286.
1077 1469 1111 1499 1.
1166 1453 1454 1495 Demosthenes

853 1514 895 1553 in
915 1515 1088 1552 oratione
1105 1525 1177 1563 pro
1198 1513 1356 1552 Corona
1368 1512 1453 1550 Pla·

857 1580 992 1608 tonem
1006 1570 1185 1615 imitatus,
1199 1567 1344 1614 docuit,
1360 1579 1454 1618 quo·

852 1626 972 1664 modo
1001 1626 1169 1676 plurium
1193 1624 1388 1663 actionum
1411 1623 1454 1668 in

855 1694 930 1720 vna
949 1681 1168 1731 eademqne
1179 1680 1357 1718 oratione
1370 1675 1454 1730 pos-

855 1736 899 1776 {it
917 1736 1001 1775 fieri
1022 1736 1259 1787 complexus.
1281 1739 1374 1788 296.
1391 1747 1452 1787 13.

858 1804 951 1846 357.
971 1806 1062 1844 pen.
1103 1789 1388 1831 Demosthenes
1409 1791 1453 1829 in

859 1850 1036 1887 oratioue
1073 1861 1143 1898 pro
1173 1849 1335 1888 Corona
1363 1859 1454 1897 qua-

857 1916 945 1943 tuor
973 1901 1206 1958 hypotheses
1233 1903 1453 1941 coniunxit.

854 1966 948 2012 358.
972 1972 1009 2011 9.
1038 1957 1314 2001 Demosthenis
1333 1959 1454 1997 oratio

855 2029 926 2068 pro
939 2018 1108 2062 Corona,
1128 2014 1286 2065 quando
1309 2013 1453 2053 habita.

854 2074 948 2124 746.
961 2085 996 2124 5.
1018 2069 1290 2112 Demosthenis
1312 2083 1366 2109 or.
1382 2083 1454 2121 pro

859 2130 1018 2169 Corona
1062 2140 1139 2179 quo
1185 2125 1269 2165 stilo
1305 2123 1454 2177 scripta.

862 2187 981 2235 1096.
1006 2195 1043 2234 5.
1077 2181 1350 2223 Demosthenis
1373 2194 1457 2220 ora-

860 2240 914 2278 tio
926 2252 994 2291 pro
1007 2237 1456 2290 Ctefiplionte‚omnium

861 2307 913 2334 or.
935 2294 1255 2346 praestantiffima.
1276 2305 1368 2345 204.
1392 2306 1454 2333 12.

857 2350 1055 2390 Demoiih.
1092 2351 1213 2389 oratio
1242 2364 1311 2400 pro
1338 2347 1459 2389 Cteli-

860 2406 1010 2460 phonte
1029 2436 1038 2454 ‚
1076 2405 1373 2455 pulcherrimam
1414 2412 1458 2444 et

862 2462 1213 2513 temperatissimam
1277 2460 1458 2500 dic-“lionis

859 2519 1078 2558 structuram
1119 2516 1245 2556 habet.
1292 2519 1387 2570 996.
1416 2525 1457 2567 ς.

858 2573 1059 2616 Demosth.
1107 2573 1231 2612 oratio
1269 2568 1457 2611 aduersus

855 2631 1124 2676 Aristocratem
1141 2628 1458 2682 quandoehabita.

1356 2694 1453 2739 725·
