1751 3154
744 117 1130 194 1N>DE3<

310 241 434 287 2074.
452 239 494 284 7.
542 233 589 274 X.
605 229 752 271 tribuni
771 244 841 284 pro
861 235 911 274 V.
971 229 1129 278 Tribus,
1158 227 1272 280 φυλαὶ,
1300 228 1366 273 seu
1382 232 1534 280 τριττῦς,
1554 210 1630 272 ma‘

314 290 358 329 in
377 288 547 342 fingulos
565 301 690 327 annos
707 288 813 341 plebi
830 286 916 328 ase·

313 357 407 385 natu
435 343 713 385 conceduntur.
731 356 853 397 2070.
876 356 914 396 5.

316 400 497 441 intestina
523 400 670 440 diffidia'
687 398 832 440 rursum
852 413 917 440 ex-

317 458 451 497 citant.
468 469 590 511 2077.
611 464 647 507 8.
692 457 850 510 plebem
872 457 914 497 in

317 514 498 565 patricios
518 516 728 553 concitant.
750 521 914 567 2080.3.

315 569 369 609 de
395 567 578 609 consulib.
608 570 710 622 apud
739 568 915 610 senatum

317 637 623 677 conqueruntur.
672 633 795 674 2080.
823 639 915 678 pen.

315 682 412 720 iram
439 682 702 722 moderantur.
732 689 852 735 2084.
879 689 914 731 8.

315 738 358 778 in
377 739 548 791 agrariae
567 740 827 792 legislatione
838 751 916 789 quo

316 794 633 833 machinamento
647 795 824 845 impediti
835 793 917 833 fue·

313 850 403 890 rint.
435 863 558 900 2099.
582 862 642 900 14.
698 852 740 888 in
769 851 918 903 agraria

317 906 411 957 lege
431 905 664 956 perferenda
682 906 822 948 iterum
847 907 918 945 im-

319 961 544 1013 pediuntur.
571 972 690 1012 2103.
717 973 777 1013 14.
828 975 919 1012 qua-

318 1027 408 1056 tuor
435 1017 542 1068 peste
569 1016 742 1058 exstinffi
762 1016 918 1057 tribuni.

318 1084 440 1125 2133.
463 1074 526 1111 vlt.
572 1073 705 1126 legum
735 1074 878 1112 latores
897 1086 920 1112 a

321 1126 544 1167 consulibus
569 1142 615 1167 ex
637 1131 672 1167 S.
692 1131 738 1170 C.
766 1139 919 1180 petunt.

318 1195 444 1238 2135.
470 1197 530 1237 13.
567 1184 798 1224 decemuiris
817 1185 920 1224 insti-

319 1242 433 1288 tutis,
461 1239 709 1293 abrogantur.
741 1254 860 1294 2142.
881 1254 918 1295 ς.

319 1296 565 1336 decemuiros
594 1298 642 1336 ad
671 1297 828 1349 plebem
854 1297 919 1336 de-

316 1351 463 1392 ferunt.
495 1365 618 1405 2274.
647 1366 708 1404 15.
758 1354 919 1406 plebem

319 1405 446 1448 rursus
485 1409 527 1447 in
569 1411 750 1460 patricios
789 1411 919 1449 conci-

319 1474 416 1504 tant.
436 1472 556 1517 2283.
570 1479 659 1516 pen.
681 1473 798 1519 2287.
811 1471 846 1510 6.
867 1467 921 1506 le-

311 1533 414 1615 gem
440 1521 617 1560 inferunt
643 1522 694 1561 de
720 1523 806 1562 iure
832 1535 921 1562 con-

333 1577 466 1616 ulatus.
494 1585 615 1629 2287.
640 1591 700 1619 10.
748 1592 798 1619 ex
822 1579 916 1617 vrbe

317 1631 474 1684 expulsi,
498 1633 545 1672 ad
557 1630 758 1673 Caesarem
778 1637 817 1673 in
830 1635 918 1674 Gal-

316 1687 412 1727 liam
442 1687 697 1741 confugiunt‚
735 1700 774 1728 et
801 1689 917 1742 ipfius

319 1756 399 1795 ope
417 1742 503 1782 suae
521 1744 700 1795 potestati
718 1745 918 1785 restituun-

318 1809 394 1839 tur.
438 1803 554 1853 1726.
587 1812 623 1851 3.
681 1802 820 1840 multos
851 1802 918 1840 bo=

318 1868 392 1895 nos
411 1855 588 1907 improbe
605 1854 818 1909 spoliarunt
830 1859 916 1897 vita.

745 1918 913 1967 14689.

262 1965 438 2008 Tribuni
460 1977 498 2006 vt
514 1967 610 2007 boni
631 1968 699 2008 viri
719 1967 803 2016 sint,
835 1971 915 2010 eni-

315 2023 477 2063 tendum
495 2023 560 2063 est.
584 2035 699 2077 1470.
710 2036 749 2077 4.
768 2027 812 2064 in
822 2026 915 2065 Tri-

316 2078 514 2119 bunorum
532 2081 701 2133 collegio
722 2080 915 2121 diffidium

317 2137 453 2185 quaeri
470 2133 602 2175 suadet
617 2137 788 2187 Appius,
827 2151 914 2188 pru·

314 2190 424 2229 den-'i
472 2191 643 2230 consilio.
687 2203 805 2244 1740.
848 2205 912 2235 12.

315 2245 467 2286 Tribun
474 2260 540 2286 oru
547 2261 581 2286 m
596 2247 823 2295 administri,
834 2249 911 2287 col-

311 2302 427 2354 legae
455 2312 495 2340 et
526 2303 672 2342 iudices
693 2304 784 2342 olim
805 2303 909 2351 diffi,

313 2359 381 2408 qui
420 2356 551 2410 postea
588 2359 747 2400 Aediles
787 2359 910 2397 :iomi-

311 2414 404 2452 nati.
429 2425 545 2466 1249.
565 2427 600 2466 5.
628 2427 687 2457 10.
716 2413 911 2453 Tribuno-

312 2481 398 2509 rum
436 2470 597 2509 ministri
637 2471 663 2510 fi
695 2469 907 2516 laedantur,

308 2524 379 2577 ipfi
398 2524 541 2566 tribuni
561 2524 769 2567 censentur
786 2525 901 2564 laedi.

1026 289 1129 327 iores
1148 287 1314 327 ciuitatis
1335 300 1486 341 partes,
1515 288 1631 328 tertia

1027 342 1183 384 scilicet.
1210 352 1349 396 2508.
1369 347 1410 384 in
1433 345 1555 387 denas
1566 357 1630 384 cu-

1029 401 1103 440 rias
1129 397 1285 441 diuisae.
1320 409 1414 453 250.
1442 403 1479 443 6.
1544 401 1630 442 Tri-

1027 455 1150 495 buum
1171 468 1378 496 numerum
1401 470 1545 511 augere
1567 468 1630 496 ve·

1028 523 1129 553 tatur
1161 513 1415 563 Tarquinius.
1446 521 1538 567 589.
1564 514 1630 555 vlt.

1025 567 1171 609 Tribus
1183 570 1330 608 Romae
1354 580 1519 620 quatuor
1537 568 1631 625 fecit

1026 625 1194 672 Tullius,
1223 625 1363 664 locales
1383 638 1454 677 pro
1472 625 1630 679 gentili-

1025 680 1114 724 bus.
1134 684 1227 732 670.
1249 693 1285 733 9.
1309 693 1370 723 10.
1389 685 1482 734 671.
1504 685 1627 734 4-.-.-6.

1025 736 1168 776 Tribus
1189 736 1342 777 rusticas
1361 738 1515 778 Tullius
1536 737 1632 777 fecit

1026 795 1167 833 XXVI.
1188 793 1348 833 vrbanas
1359 796 1426 836 IV.
1446 797 1630 847 673.7.8.

1027 848 1169 888 Tribus
1187 851 1286 890 XXl.
1438 850 1630 904 1465.vlt.

973 904 1168 946 Tribuurn
1190 903 1386 952 praefecti.
1484 909 1578 958 671.
1592 911 1631 954 3.

973 960 1225 1002 TriButorum
1249 962 1404 1000 collatio
1426 974 1499 1014 pro
1514 959 1630 1002 censu

1032 1017 1174 1067 cuique
1197 1018 1414 1069 imponitur
1442 1032 1464 1058 a
1490 1018 1630 1059 Seruio

1029 1073 1174 1112 Tullio.
1194 1074 1283 1124 658.
1297 1086 1334 1126 9.
1356 1076 1449 1124 682.
1460 1075 1525 1113 vlt.
1544 1074 1632 1114 Tri-

1030 1128 1121 1166 buta
1144 1141 1216 1179 pro
1248 1126 1381 1171 census
1410 1127 1631 1169 discrimine

1031 1185 1134 1223 tollit
1151 1185 1402 1236 Tarquinius.
1486 1197 1579 1239 750.
1592 1199 1630 1239 4.

974 1239 1179 1286 Tricastus,
1198 1236 1264 1279 seu
1281 1240 1485 1290 Tricostus,
1505 1235 1630 1295 Vir-‘gi-

1032 1298 1086 1336 uii
1106 1309 1344 1349 cognomen.
1486 1309 1579 1351 959.
1593 1307 1629 1349 ς.

976 1352 1136 1393 Trifera
1152 1365 1253 1392 arua.
1487 1366 1554 1407 92.
1564 1353 1629 1393 vlt.

974 1409 1209 1463 Trigemina
1229 1418 1351 1460 porta.
1383 1414 1448 1463 84.
1468 1421 1508 1464 9.
1540 1421 1629 1452 100.

1567 1478 1586 1508 1
1620 1494 1629 1503 .

976 1522 1180 1563 Trinacria
1198 1518 1343 1570 insula,
1383 1534 1404 1564 a
1423 1479 1630 1573 Triquet32

1025 1575 1151 1617 forma
1161 1591 1174 1624 ;
1201 1577 1282 1628 post
1305 1578 1467 1624 Sicania,
1494 1588 1532 1618 et
1548 1588 1630 1618 tan-

1027 1632 1116 1680 dem
1137 1634 1264 1675 Sicilia
1286 1634 1397 1676 dieta.
1512 1646 1574 1686 57.
1586 1646 1626 1686 4.

974 1688 1125 1740 Triopii
1174 1689 1364 1740 templum
1419 1689 1625 1739 Apollinis.

1425 1755 1519 1795 702.
1531 1758 1625 1797 pen.

972 1800 1239 1852 Triptolemus
1285 1799 1560 1853 agriculturam
1604 1814 1625 1841 a

1028 1859 1176 1896 Cerere
1195 1857 1347 1907 accipit.
1506 1869 1570 1910 33.
1585 1862 1622 1906 8.

973 1913 1119 1965 Tripus
1165 1925 1252 1958 curn
1288 1912 1458 1965 antiquis
1491 1913 1624 1957 literis.

1536 1981 1569 2012 1·
1587 1981 1623 2013 1.

970 2024 1213 2076 Triumphus
1224 2055 1234 2073 ,
1259 2025 1443 2074 θρίαμβος,
1476 1982 1625 2069 &jutitiae

1027 2078 1087 2127 νᾶμ’
1107 2083 1353 2127 τροπαιοφόρος
1369 2080 1492 2125 vaurts).
1529 2088 1623 2133 308.

1022 2148 1148 2191 2—4.
1198 2136 1437 2187 Triumphus
1463 2135 1624 2187 duplex,

1022 2194 1148 2232 maior
1165 2192 1364 2239 erminor;
1389 2202 1427 2230 et
1447 2192 1554 2243 quod
1564 2192 1626 2232 in'-

1023 2257 1083 2288 ter
1109 2260 1175 2286 eos
1191 2243 1407 2287 discrimen.
1438 2259 1531 2302 952.
1555 2258 1619 2301 15.

1019 2302 1256 2354 Triumphus
1288 2303 1462 2355 duplex,
1505 2312 1622 2354 eque-

1020 2357 1095 2397 ster
1115 2369 1154 2397 et
1172 2358 1359 2410 pedester.
1376 2371 1620 2413 19427-9,

1021 2414 1620 2467 TriumphusRomuli.306.pen.

1020 2469 1232 2521 Triumphi
1262 2472 1523 2511 recentiorum
1548 2475 1620 2512 Ro·
1691 2507 1716 2519 .„

1018 2539 1222 2566 manorum
1243 2528 1386 2578 quales.

1475 2532 1619 2580 308·5·

706 2589 822 2633 ¹833·
843 2594 904 2634 13·
965 2579 1117 2634 Troes,
1160 2597 1184 2623 a
1217 2586 1322 2626 Troe
1353 2582 1617 2637 denominati.

255 2635 494 2680 Tribunatus
504 2635 905 2692 saerosanblus.1726·8

1450 2649 1540 2694 157.
1555 2648 1618 2679 12.

1491 2693 1620 2735 Troia
