1751 3154
602 123 1014 187 RERVM.

173 237 269 278 bare
288 236 391 277 licet.
411 245 775 288 1349.10.1353.3.

172 294 351 334 Tribuno
392 292 642 332 intercedere
678 303 778 329 non-

167 349 239 390 nifi
276 349 454 388 tribunus
483 347 616 400 potest.
644 358 766 400 2073.

164 417 318 460 9-—-11.
364 405 535 445 Tribuni
569 417 642 456 per
659 404 774 456 leges

165 461 414 502 intercedere
458 458 614 513 pofl'unt
653 471 775 498 caete-

165 531 298 557 rorum
337 519 625 570 magistratuum
658 515 771 562 iuffis,

165 578 289 628 2164.
313 586 374 626 14.
424 571 640 612 consulibus
667 569 760 610 obfi-

161 631 261 670 stere
279 628 447 683 poffunt.
466 635 585 682 2289.
609 640 670 670 11.
705 639 769 665 ex-

163 697 220 726 tra
260 687 394 725 vrbem
414 685 515 725 nihil
535 684 680 724 habent
700 696 767 734 po-

162 742 319 782 testatis.
349 755 465 796 1725.
485 754 523 795 7.
546 753 606 790 14.
656 751 766 778 extra

162 798 300 838 vrbem
328 799 553 851 pernofilare
580 808 661 835 non
683 792 766 847 pos-

162 853 263 903 sunt,
276 857 345 895 nili
357 855 461 894 feriis
471 853 627 893 Latinis.
643 863 719 904 172
727 862 761 903 ς.

166 922 229 953 10.
295 910 460 952 Tribuni
489 909 614 961 plebis
644 909 762 946 comi-

160 969 258 1006 tium
278 965 361 1017 (seu
383 967 583 1005 concionis
605 966 759 1015 locum)

158 1023 228 1062 fibi
250 1023 459 1064 vindicant.
490 1028 656 1075 1348.5.
691 1034 761 1072 po-

157 1079 281 1119 testati
307 1077 395 1118 suae
425 1078 627 1118 vindicant
650 1077 760 1128 quid·

155 1134 250 1187 quid
273 1150 294 1174 a
313 1134 433 1187 plebe
453 1135 612 1173 iudicari
630 1144 671 1173 et
693 1132 759 1172 de-

153 1192 262 1230 cerni
287 1189 414 1231 soleat.
447 1198 563 1244 1348.
582 1202 621 1244 7.
669 1202 759 1230 cum

152 1245 290 1287 senatu
330 1247 578 1300 expostulant
615 1245 665 1286 de
693 1259 759 1286 an·

150 1316 284 1344 nonae
311 1306 467 1342 caritate
488 1316 524 1343 et
544 1303 692 1342 colonis
713 1303 756 1341 in

152 1358 332 1399 morbosa
352 1360 434 1399 loca
447 1359 755 1412 miffis.1345.4.

150 1428 242 1455 cum
266 1414 489 1456 consulibus
505 1416 752 1454 altercantur.

155 1484 276 1526 1353.
303 1484 361 1526 15.
407 1473 450 1511 in
478 1469 655 1512 senatum
686 1484 755 1510 vo-

152 1540 299 1568 cantur.
331 1532 447 1582 1369.
472 1540 533 1579 11.
589 1530 631 1567 in
653 1532 756 1571 Mar-

150 1586 258 1623 cium
295 1587 469 1637 grauiter
495 1584 754 1623 inuehuntur.

156 1644 275 1694 1369.
322 1652 383 1682 12.
449 1641 492 1679 in
529 1640 755 1692 arripiendo

149 1697 303 1736 Marcio
342 1697 611 1748 reprimuntur
639 1710 661 1735 a
690 1709 756 1747 pa·

152 1754 284 1793 triciis.
317 1763 518 1806 1371.10.
574 1752 755 1804 patricios

149 1811 321 1862 grauiter
347 1809 451 1861 apud
481 1809 670 1861 populum
697 1820 758 1847 ac-

152 1861 293 1904 cusant.
318 1875 434 1917 1372.
457 1875 518 1906 11.
556 1879 578 1904 a
596 1861 755 1903 consule

153 1920 261 1973 apud
307 1921 499 1972 populum
543 1918 754 1972 reprehen-

153 1977 309 2016 duntur.
338 1988 455 2029 1379.
481 1989 543 2019 11.
565 1990 586 2014 a
605 1974 754 2014 senato-

147 2033 221 2073 rib.
241 2032 445 2084 postulant,
477 2043 515 2071 vt
535 2033 648 2071 iurati
670 2031 755 2070 sen-

152 2090 293 2128 tentias
318 2091 460 2127 dicant.
483 2100 599 2141 1397.
628 2099 687 2139 13.
709 2089 752 2125 in

149 2143 328 2185 senatum
339 2144 484 2184 admiffi
496 2146 644 2197 magno
657 2144 754 2194 reip.

149 2202 269 2242 malo.
285 2212 402 2252 1421.
415 2214 450 2254 3.
470 2200 669 2239 adstruunt
688 2199 755 2237 libi

151 2256 381 2308 potestatem
415 2253 618 2296 accusandi
647 2252 756 2307 quos-

150 2313 208 2350 vis
240 2314 431 2363 patricios.
466 2315 584 2366 1446.
607 2325 643 2364 4.
695 2312 759 2350 tri·

152 2367 246 2406 buta
267 2370 421 2407 comitia
442 2382 511 2420 pro
533 2368 756 2407 centuriatis

153 2425 195 2464 in
226 2421 347 2462 cauffa
366 2426 512 2464 Marcii.
548 2433 665 2475 1443.
693 2435 754 2474 14.

152 2491 323 2533 1453.2.
350 2480 392 2518 in
413 2481 550 2531 populi
571 2479 755 2518 iudicium

154 2538 275 2574 citare
293 2536 486 2586 incipiunt
506 2533 756 2586 quoscunque

153 2595 270 2630 ciues.
301 2598 416 2643 1467.
441 2604 477 2643 5.
506 2604 593 2629 cum
622 2589 755 2629 senatu

153 2645 193 2688 se
213 2646 338 2690 Caffio
369 2649 412 2687 in
441 2661 484 2687 re
508 2648 659 2701 agraria
690 2659 757 2699 op-

885 245 1055 288 ponunt.
1079 237 1196 284 1680.
1218 247 1258 289 4.
1303 233 1491 287 proditio·

885 292 947 331 nis
973 292 1245 331 infimulantur
1270 305 1291 330 a
1309 292 1490 342 pauperi-

887 346 970 386 bus.
996 359 1189 400 1723.12.
1210 347 1404 387 delectum
1426 361 1490 386 ex-

887 404 1029 443 ercitus
1052 404 1316 454 impedientes
1338 415 1376 442 vt
1393 402 1489 442 eluli

885 474 908 500 a
934 457 1052 498 conff.
1085 471 1201 512 1724.
1232 473 1269 512 3.
1329 460 1487 498 comi-iia

883 529 956 568 pro
974 513 1037 554 sua
1049 515 1237 567 potestate
1248 515 1483 566 impediunt.

887 583 1007 625 1732.
1033 585 1092 624 [ς.
1120 572 1282 623 plebem
1302 573 1343 609 in
1364 584 1486 610 anno-

880 641 958 668 nae
991 629 1149 666 caritate
1185 624 1388 667 aduersum
1419 641 1485 678 pa·

879 685 1009 724 tricios
1037 685 1241 723 concitant.
1274 689 1391 731 1811.
1416 694 1481 724 11.

876 739 1096 780 consulares
1125 739 1176 778 ob
1205 751 1289 778 rem
1317 739 1360 777 in
1388 750 1484 776 con·

875 795 1000 836 sulatu
1023 795 1233 836 infeliciter
1251 794 1396 847 gestam
1416 807 1482 832 vo-

876 864 967 893 cant
1014 855 1056 892 in
1096 852 1234 904 populi
1273 849 1480 889 iudicium.

875 916 1071 962 1817.12.
1093 916 1290 958 1820.12.
1310 907 1477 945 alterum

872 979 1021 1005 annum
1059 966 1102 1004 in
1145 962 1363 1016 magistratu
1388 974 1480 1013 per·

868 1031 1042 1062 manent.
1067 1026 1184 1071 1858.
1204 1034 1243 1072 4.
1277 1015 1476 1057 consulem

869 1079 912 1117 in
944 1090 1137 1117 carcerem
1164 1074 1303 1115 abduci
1322 1073 1473 1113 iubent.

877 1140 996 1188 1873.
1025 1145 1087 1176 11.
1141 1145 1228 1171 cum
1247 1128 1403 1170 consule
1423 1130 1475 1168 al-

872 1200 1080 1230 tercantur.
1112 1195 1229 1241 1874.
1255 1199 1317 1239 15.
1364 1198 1474 1239 agra-

869 1248 970 1286 rium
1014 1246 1222 1298 negotium
1256 1239 1378 1282 rursus
1417 1255 1475 1281 vr·

869 1314 979 1356 gent.
997 1309 1116 1351 1881.
1134 1313 1194 1344 10.
1215 1301 1352 1353 legum
1363 1309 1474 1350 prae-

866 1359 1118 1410 scriptionem
1138 1361 1470 1409 vrgent.1982.7.

865 1416 909 1455 in
938 1414 1111 1455 senatum
1140 1413 1397 1452 admittuntur
1422 1409 1481 1450 ad.

867 1470 1192 1512 consultationem
1247 1468 1300 1507 de
1351 1464 1471 1505 salute

868 1527 1118 1579 reipublicae.
1145 1531 1337 1578 1987.11.
1359 1518 1470 1564 Caes.

867 1585 1076 1636 Quintium
1094 1581 1193 1621 falsis
1211 1578 1403 1619 criminib.
1422 1590 1472 1618 ex

866 1641 962 1681 vrbe
982 1641 1146 1692 pellunt.
1167 1649 1290 1679 2002.
1308 1648 1341 1676 1.
1373 1636 1472 1676 Cae·

866 1695 970 1736 sonis
986 1695 1140 1745 Quintii
1163 1690 1392 1743 expulsione
1413 1691 1472 1728 ni-

866 1752 922 1791 hil
935 1751 1155 1805 proficiunt.
1181 1759 1302 1790 2002.
1321 1758 1383 1789 12.
1405 1744 1469 1784 do-

865 1809 948 1847 lum
995 1808 1046 1847 de
1088 1805 1363 1846 coniuratione
1401 1814 1469 1841 cu-

867 1865 978 1904 dunt.
1001 1875 1121 1915 2004.
1141 1873 1200 1903 10.
1223 1860 1384 1899 tertium
1400 1870 1470 1895 an-

865 1933 962 1959 num
990 1920 1031 1958 in
1050 1917 1270 1971 magistratu
1291 1924 1467 1954 manent.

867 1978 988 2028 2036.
1008 1976 1071 2013 vlt.
1119 1982 1295 2024 quartum
1315 1982 1466 2009 annum

867 2033 911 2071 in
957 2030 1173 2084 magistratu
1219 2034 1464 2079 permanent.

867 2099 988 2139 2045.
1002 2101 1036 2139 ς.
1058 2084 1277 2138 magistratu
1297 2083 1338 2121 in
1355 2082 1468 2134 quin-

866 2155 952 2181 tum
972 2155 1115 2181 annum
1138 2141 1373 2185 continuato,
1401 2137 1469 2176 de-

867 2199 991 2238 lectus
1013 2197 1093 2237 fieri
1117 2195 1337 2249 prohibent,
1359 2203 1467 2233 ante·

866 2268 983 2306 quam
1010 2253 1058 2293 de
1084 2252 1237 2306 legibus
1258 2253 1295 2292 S.
1317 2252 1363 2292 C.
1388 2249 1464 2288 fiat.

867 2322 989 2362 2059.
1011 2324 1048 2362 4.
1103 2308 1275 2349 senatum
1307 2316 1466 2358 quoque

860 2379 1087 2420 9unuocare
1133 2362 1295 2417 aggressi
1316 2377 1324 2400 :
1377 2373 1465 2399 cum

866 2433 958 2462 ante
977 2435 1098 2474 pentec,
1116 2418 1213 2459 solos
1234 2415 1407 2457 consules
1419 2428 1467 2455 ea

867 2480 1034 2532 potestas
1058 2475 1164 2516 esset.
1186 2488 1304 2527 2072.
1323 2487 1361 2515 2.
1407 2473 1467 2512 in-

868 2547 927 2574 ter
959 2533 996 2573 se
1027 2530 1255 2584 conspirant.
1283 2541 1402 2581 2074.
1431 2543 1464 2572 1.

865 2589 1084 2630 senatorum
1135 2586 1313 2639 precibus
1362 2585 1467 2623 licio-

865 2649 915 2687 ris
963 2644 1190 2697 supplicium
1228 2641 1467 2682 condonant.

922 2703 952 2743 Z
965 2716 986 2740 z
1015 2714 1038 2756 3
1345 2707 1468 2750 2074.
