1751 3154
772 103 1155 153 1'NDEx

342 230 536 270 Romanos
563 223 607 262 in
626 222 837 263 Ferentino
852 220 939 261 foro

345 279 535 323 accusant.
556 281 650 331 964.
673 284 734 321 1'1.
779 277 941 318 Fidena-

342 350 411 386 τες,
432 333 581 376 adscitis
598 349 620 375 a
629 335 839 386 Tarquinio
848 334 896 374 Su
902 347 938 385 p.

346 393 508 440 auxiliis,
526 391 569 430 in
586 391 740 430 colonos
748 393 939 433 Romanos

343 461 385 490 et
423 450 574 502 legatos
601 446 738 488 iniurii.
776 448 871 501 966.
898 448 936 490 6.

343 504 574 545 obsidentur.
593 506 718 556 967.1
730 514 761 545 1.
785 503 939 555 proelio

340 561 432 602 vicli
451 560 583 599 denuo
594 558 825 598 obsidentur.
838 565 935 612 984.

344 627 384 671 9.
401 615 538 669 Largio
558 611 597 655 se
614 614 774 655 dedunt.
794 622 938 667 9891.

344 673 550 715 Fidenatia
567 670 684 711 castra
699 668 941 711 desei-untur.

735 738 857 778 2271.
875 738 938 779 13.

287 786 402 829 Fides
420 782 558 837 quibus
575 781 786 823 rationibus
797 784 839 822 in
851 794 942 821 con-

342 842 468 881 ventis
499 850 537 880 et
562 840 681 891 paflis
708 837 791 878 dari
813 850 859 877 ac
881 836 942 876 fir-

340 897 435 937 mari
449 893 728 948 soleat.1232.1
739 895 939 946 1.2348.6.

340 953 448 992 bona
466 948 530 989 sua
539 949 635 989 Fide
654 949 847 1002 polliceri,
864 961 942 988 ma-

342 1009 492 1047 ximum
540 1005 644 1059 apud
677 1007 787 1046 Rom.
825 1001 942 1044 sacra-

341 1073 529 1103 mentum.
556 1065 674 1115 1764.
695 1073 756 1114 14.
795 1073 867 1124 pet·
885 1059 943 1101 Fi·

841 1129 943 1155 iura-

338 1119 435 1159 dem
481 1115 584 1157 suam
626 1117 756 1156 iurare
775 1147 784 1166 ‚

337 1184 518 1216 mentum
554 1173 778 1214 maximum.
817 1184 942 1225 2290.

282 1285 400 1329 ‘Fidei
421 1285 602 1337 publicae
622 1285 809 1337 templum
827 1295 866 1324 et
883 1297 940 1324 re·

338 1344 438 1398 ligio
459 1356 480 1381 a
497 1345 624 1381 Numa
643 1341 822 1381 instituta.
844 1351 937 1392 399.

343 1412 408 1451 13.
436 1397 547 1438 Fidei
564 1397 757 1450 templum
777 1406 818 1436 et
838 1394 939 1436 sacra

337 1451 610 1494 anniuersaria.
772 1464 845 1495 101
856 1463 872 1494 1
881 1483 889 1491 .
901 1464 939 1505 5.

283 1511 416 1552 Fidius
434 1511 580 1562 Iupiter
598 1510 743 1550 Sancus
764 1523 785 1548 a
803 1512 940 1550 Roma-

332 1568 398 1608 nis
417 1566 710 1619 dicitur.782.5.
731 1564 804 1604 vid.
819 1561 937 1604 nonb.

336 1622 437 1663 Fidii
449 1622 556 1662 Iouis
575 1620 703 1661 aedes.
719 1628 812 1672 782.
827 1633 863 1672 5.
881 1620 939 1660 Fi-

335 1678 393 1717 dii
419 1678 521 1718 Iouis
558 1677 747 1729 templum
786 1675 938 1715 dedica-

333 1745 407 1773 tur.
740 1741 935 1786 191413.

278 1791 400 1834 Filius
438 1787 624 1841 quamdiu
660 1798 702 1828 et
737 1787 938 1839 quomodo

337 1846 437 1899 patri
459 1843 668 1885 obstrietus.
687 1855 858 1898 291.14.
876 1844 938 1884 Fi·

337 1902 415 1942 lius
435 1902 557 1953 patria
573 1898 762 1952 potestate
782 1898 938 1952 quando

339 1957 525 1998 liberatus
544 1954 856 2009 fuerit.295.14.
879 1956 937 1997 Fi-

335 2014 433 2053 lium
460 2023 519 2052 ter
538 2011 712 2051 vendere
731 2013 829 2064 patri
849 2012 939 2050 lice-

338 2069 416 2109 bat.
445 2080 538 2121 294.
559 2080 598 2120 4.
628 2068 713 2107 Filii
732 2081 752 2106 a
773 2067 938 2119 parenti·

339 2124 412 2163 bus
441 2136 465 2163 e
490 2122 615 2163 rostris
634 2123 816 2172 detraffl,
855 2124 940 2174 qui-

339 2179 429 2219 dam
450 2180 569 2218 etiam
586 2180 724 2223 necati.
741 2191 832 2232 293.
846 2193 884 2232 4.
898 2189 937 2218 et

338 2247 379 2288 9.
425 2235 546 2283 Filiis,
586 2236 673 2273 viuo
693 2245 824 2287 patre,
853 2247 936 2273 non

337 2290 425 2330 sunt
444 2290 548 2329 bona
568 2291 734 2342 propria.
761 2302 876 2342 1703.
896 2302 933 2329 2.

335 2346 426 2390 Filii
460 2345 598 2385 delicia
636 2357 785 2397 patrem
820 2344 934 2383 bonis

336 2399 412 2442 suis
442 2414 521 2442 non
551 2402 716 2453 ptiuant.
749 2412 864 2452 1703.
896 2414 933 2452 5.

336 2458 424 2500 Filii
452 2468 659 2509 parentum
684 2456 822 2496 deliEla
850 2468 932 2494 non

338 2515 463 2553 luunt.
489 2525 605 2567 1704.
629 2525 662 2554 1.
698 2513 781 2552 Filii
802 2511 852 2550 ob
868 2525 933 2562 pa-

339 2580 495 2609 rentum
518 2569 656 2609 delicia
675 2569 932 2609 excluduntur

341 2623 390 2666 ab
407 2625 634 2668 honoribus.
766 2635 880 2678 1704.
891 2634 929 2678 7.

997 223 1147 276 Flagris
1178 231 1271 263 ante
1298 224 1474 264 vltimum
1502 215 1651 277 suppli-

1049 281 1154 319 cium
1202 279 1416 320 caeduntur
1446 277 1650 321 seditionis

1050 335 1238 377 nuclei-es.
1248 338 1340 387 526.
1355 349 1390 390 ς.
1408 337 1556 390 Flagris
1564 347 1650 378 cae·

1046 392 1152 430 >ditur
1170 391 1344 442 proditor
1359 402 1452 432 ante
1470 393 1650 434 vltimum

1049 447 1296 499 supplicium.
1503 461 1595 502 502.
1607 461 1647 502 5.

994 504 1160 551 Flamea‚
1182 501 1247 543 seu
1263 503 1445 543 Flamina.
1503 510 1596 559 37'2.
1613 516 1647 547 1.

994 560 1201 610 Flamines,
1211 558 1444 607 ςεφανηφόροι.
1457 570 1511 614 37
1518 570 1651 613 Lpem‘

1462 620 1465 623 ’
1521 627 1560 656 et
1574 616 1645 656 vlt.

992 671 1051 712 M.
1076 670 1294 712 Flauoleius
1311 701 1322 720 ,
1368 672 1531 726 egregio
1559 670 1651 711 faci·

1048 739 1150 766 nore
1181 727 1486 768 commilitonib.
1513 727 1654 780 praeit:

1054 786 1172 837 1763.
1187 795 1203 824 1
1214 796 1246 826 1.
1277 783 1529 824 Fortitudinis
1541 795 1653 836 prae-

1051 840 1132 879 mio
1153 839 1368 880 decoratur.
1485 841 1651 894 1773.6.

991 895 1144 942 Flauus,
1159 896 1287 949 Largii
1300 907 1537 948 cognomen.
1551 898 1651 950 986.

1051 962 1092 1004 7.
1127 962 1293 1004 1475.2.
1316 951 1391 992 vid.
1409 962 1490 992 not.
1501 965 1537 993 u.

995 1007 1130 1046 Florea
1150 1008 1325 1047 amicula.
1479 1018 1599 1062 1491.
1609 1012 1649 1053 6.

990 1063 1219 1102 'Flauiorum
1254 1061 1518 1116 symptomata.
1555 1075 1648 1118 535.

1053 1130 1091 1171 3.
1127 1118 1250 1158 Fluuii
1269 1119 1497 1173 retrogrado
1517 1130 1651 1161 meatu

1052 1174 1234 1224 fluentes,
1256 1174 1349 1226 quid
1360 1175 1648 1227 portenderint.

1260 1241 1455 1284 1317.14.
1479 1239 1649 1285 1318.2.

995 1290 1119 1327 Focus
1141 1284 1320 1337 publicus
1338 1286 1453 1327 vrbis.
1471 1299 1562 1340 373.
1581 1288 1649 1327 vlt.

1049 1352 1144 1395 374.
1154 1353 1192 1394 7.
1216 1352 1357 1397 37521.
1387 1344 1531 1382 Focum
1548 1342 1650 1383 vrbis

1050 1397 1252 1450 publicum
1274 1397 1338 1439 vbi
1360 1402 1487 1439 Numa
1507 1398 1651 1439 exstru-

1049 1454 1162 1493 xerit.
1187 1454 1326 1508 376.3.
1348 1456 1468 1495 Foeus
1486 1455 1647 1494 curialis.

1047 1516 1142 1559 281.
1163 1522 1255 1562 pen.
1309 1514 1434 1551 Focus
1461 1512 1650 1551 curiarum

1049 1566 1282 1605 communis.
1310 1572 1403 1614 282.
1427 1578 1464 1608 2.
1522 1571 1648 1608 Focus

1050 1621 1190 1673 regius,
1211 1631 1252 1660 et
1269 1617 1369 1661 sacra
1379 1619 1492 1674 super
1503 1634 1551 1661 eo
1562 1621 1649 1662 fieri

1048 1674 1170 1716 solita.
1195 1679 1289 1729 635.
1310 1678 1373 1717 vlt.
1427 1682 1550 1720 Focus
1575 1677 1648 1718 ful-

1048 1733 1157 1772 mine
1177 1731 1344 1772 euersus.
1482 1745 1597 1788 1751.
1611 1741 1647 1785 3.

992 1789 1185 1829 Foeciales
1198 1803 1206 1827 ε
1236 1801 1381 1840 quaere
1394 1790 1570 1830 Fetiales.

992 1844 1146 1885 Foedus
1172 1844 1276 1884 inter
1293 1844 1468 1886 Achiuos
1495 1857 1536 1886 et
1558 1858 1649 1899 pro-

1047 1899 1164 1954 fugos
1184 1902 1392 1942 Troianos.
1415 1907 1504 1949 118.
1523 1914 1558 1945 1.
1585 1902 1646 1941 in-

1050 1967 1112 1996 ter
1124 1957 1319 1996 Troianos
1338 1956 1509 1997 aduenas
1526 1968 1566 1998 et
1576 1962 1645 2000 La-

1049 2013 1185 2052 tinum.
1212 2024 1298 2065 149.
1313 2018 1348 2062 8.
1368 2014 1469 2053 inter
1479 2014 1645 2056 Sabinos

1050 2079 1089 2108 et
1107 2072 1311 2109 Romanos.
1334 2080 1428 2121 333.
1452 2081 1484 2110 1.
1510 2068 1645 2108 foede-

1050 2125 1100 2163 ris
1119 2121 1264 2162 socialis
1283 2124 1405 2176 leges.
1440 2134 1556 2177 1910.
1583 2136 1643 2166 12.

1046 2192 1168 2232 2044.
1193 2190 1252 2232 ις.
1280 2179 1466 2220 Foederis
1485 2184 1646 2221 cumLa-

1047 2236 1140 2274 tinis
1152 2234 1328 2273 renouati
1339 2233 1516 2275 formula.
1526 2240 1642 2279 1261.

1054 2302 1085 2332 1.
1105 2299 1143 2329 et
1161 2292 1197 2331 6.
1236 2289 1420 2330 Foederis
1440 2291 1550 2345 leges
1567 2292 1645 2345 cly-

1045 2358 1122 2397 peo
1141 2342 1354 2397 inscriptae
1372 2352 1465 2398 782.
1481 2350 1517 2390 6.
1545 2352 1643 2389 Foe-

1042 2400 1113 2439 dus
1134 2402 1327 2440 columnis
1344 2400 1521 2443 incisum.
1549 2416 1640 2458 353.

1048 2468 1109 2508 13.
1148 2457 1303 2497 Foedus
1325 2458 1530 2498 columnae
1547 2460 1642 2499 inci·

1042 2509 1120 2550 sum
1142 2514 1182 2551 in
1204 2514 1350 2565 templo
1361 2514 1532 2566 erigitur.
1546 2527 1639 2569 509.

1048 2579 1108 2609 10.
1153 2569 1339 2609 Foederis
1359 2569 1446 2608 laeli
1465 2570 1638 2609 auum-es

1041 2621 1165 2664 laesae
1173 2625 1271 2679 parti
1283 2623 1593 2680 dedebantur.39
1604 2639 1616 2667 t
1626 2654 1636 2662 .

1598 2693 1639 2735 7.

1746 2551 1751 2612 ἑ
