1751 3154
779 101 1159 142 INDEX

291 214 463 258 'Pandari
481 212 707 266 periurium.

296 269 478 314 Pandrofi
504 269 633 310 aedes.

803 219 946 267 3923·

802 273 894 323 637.
910 282 946 321 5.

1062 222 1180 264 1123.
1216 222 1278 255 12.
1355 209 1449 255 Vise
1491 222 1533 255 et
1569 210 1660 256 affe·

1059 269 1152 309 Eius.

298 328 517 381 Panegyris
545 340 567 365 a
597 325 734 377 quibus
754 334 792 363 et
809 337 873 364 cur
892 327 949 364 in·
1003 325 1086 363 Pati
1105 322 1305 364 honestum
1323 322 1387 373 est,
1407 323 1432 364 fi
1450 323 1659 367 honestum

355 396 479 431 venta,
506 392 546 422 et
565 395 644 434 quo
664 379 781 421 modo
800 392 882 420 rum
902 381 948 419 ab

352 441 456 485 aliis,
496 451 578 478 tum
609 438 658 477 ab
683 447 834 477 oratore
851 438 950 477 cele-

354 494 515 536 branda.
539 506 632 544 225.
654 505 685 535 1.
704 505 796 546 227.
821 505 857 545 3.
888 496 952 532 Pa-

353 552 514 604 negyris
541 551 645 589 vnde
667 550 808 588 laudari
830 549 949 600 poffit.

351 619 445 660 274.
461 607 524 646 vlt.
541 607 779 659 Panegyrica
795 605 912 644 difflo
931 618 953 643 e

355 664 498 716 quibus
515 662 716 703 confletur.
751 668 837 713 185.
858 673 952 712 pen.

353 720 592 773 panegyrica
636 718 757 756 oratio
790 730 867 768 quo
899 716 954 754 di-

355 775 473 816 cendi
515 787 663 829 genere
702 773 953 824 pertexenda.

356 843 450 884 232.
475 843 508 872 1.
537 831 797 882 panegyricae
817 829 952 867 oratio-

356 891 420 927 nis
436 887 609 925 materia.
630 897 768 936 2274.
788 895 951 936 272.12.

352 946 618 995 panegyricae
655 941 835 978 orationis
875 937 954 990 spe·

357 1000 447 1045 cies,
474 998 690 1036 exhortatio
711 995 759 1033 ad
779 994 954 1034 athletas.

356 1058 451 1104 267.
472 1066 507 1105 5.
537 1052 798 1105 panegyricae
817 1052 956 1090 oratio·

359 1112 419 1150 nis
429 1105 954 1160 exemplumeLyfia.519.6.

302 1166 520 1219 Panyafidis
539 1163 741 1203 char-aileu
785 1174 879 1215 419.
892 1162 955 1202 vlt.

301 1223 436 1265 Parafii
475 1234 637 1275 operum
666 1229 799 1259 notae.
839 1224 958 1267 1108.

866 1288 959 1327 pen.

303 1337 488 1377 Parentes
511 1331 689 1373 imitandi
707 1330 848 1371 liberis.
864 1334 957 1384 263.

355 1404 396 1445 9.
449 1402 631 1442 parentes
659 1390 700 1428 in
719 1388 848 1428 liberis
865 1400 959 1439 quo·

359 1446 569 1487 dammodo
642 1440 956 1486 reiuuenescunt.

814 1512 906 1553 239.
919 1506 955 1549 g.

303 1556 553 1602 Parmenides
579 1572 600 1598 a
615 1557 779 1600 Platone
798 1566 955 1596 taxatus.

234 1614 237 1617 ’
646 1617 738 1666 756.
753 1625 788 1654 2.
811 1614 901 1661 816.
915 1625 955 1655 2.

301 1671 576 1713 Parmenontis
596 1669 780 1709 defensio.
811 1670 954 1719 6624.

301 1725 590 1767 Paronomafiae
601 1726 885 1777 exemplum93
893 1734 922 1774 5.
931 1730 953 1774 8

301 1782 534 1824 Parthenius
592 1793 706 1824 mons
752 1779 956 1821 Arcadiae.

812 1847 903 1877 220.
946 1863 955 1873 .

302 1892 506 1947 participia
535 1891 583 1933 ab
615 1891 872 1945 Appellatiuis
899 1847 955 1930 sg-

359 1952 571 1991 iunxerunt
591 1949 781 1988 nonnulli.
866 1959 952 1998 9.2.

303 2008 437 2048 Partus
483 2005 681 2047 monstrosi
723 2003 954 2044 comburun-

357 2073 429 2103 tur.
809 2062 899 2110 356.
914 2062 953 2102 6.

302 2121 424 2161 Parua
465 2118 505 2157 in
533 2117 684 2169 magnis
712 2114 954 2155 detrimentis

357 2173 474 2226 saepe
507 2176 660 2227 grauius
690 2173 848 2212 laedunt
875 2172 953 2210 ani·

357 2241 475 2269 mum.
810 2239 950 2281 5141.

300 2284 467 2327 Pafionis
480 2285 686 2336 trapezitae
700 2283 946 2335 astus.583.1.

301 2339 470 2382 Pafferes
501 2343 669 2381 Veneris
696 2352 849 2379 currum
881 2350 951 2378 tra·

356 2398 465 2437 hunt.
809 2405 895 2446 177.
908 2407 946 2435 2.

301 2453 446 2497 Passiua
484 2466 555 2505 pro
588 2451 721 2492 affluis
753 2465 775 2490 a
796 2449 951 2502 Thucy-

359 2510 451 2549 dide
470 2507 650 2558 vsuipata.
777 2518 870 2560 797.
890 2519 906 2548 1
919 2517 950 2548 1.

303 2565 496 2605 Pathetica
542 2565 658 2605 diffie
698 2576 779 2603 non
822 2574 952 2612 repre-

359 2620 570 2679 hendenda
628 2622 672 2661 in
717 2616 946 2663 vniuersum.

1060 379 1115 418 est
1143 392 1295 432 agere:
1344 377 1405 420 sed
1434 394 1523 421 cum
1549 394 1661 422 exce-

1060 435 1212 487 ptione.
1464 448 1560 491 747.
1574 449 1607 480 1.
1620 446 1656 488 8.

1006 491 1110 533 Patri
1134 490 1258 530 filium
1288 489 1478 532 abdicanti
1499 506 1549 533 an
1569 506 1662 533 con·

1064 547 1256 588 tradicere
1273 547 1396 587 liceat.
1417 560 1507 601 391.
1525 561 1565 602 7.
1597 563 1662 601 pa·

1064 613 1125 642 ter
1147 602 1267 642 filium
1286 604 1328 642 in
1352 601 1541 644 seditione
1559 607 1662 656 peri·

1062 660 1142 698 mit.
1167 666 1258 712 885.
1276 673 1313 713 4.
1354 663 1476 711 patria
1496 661 1662 713 dignita·

1064 716 1223 754 tutanda
1242 714 1463 767 nepotibus.
1518 723 1610 768 803.
1624 723 1661 765 8.

1009 771 1156 810 Patriae
1179 770 1323 812 laudes.
1350 784 1441 823 252.
1478 783 1542 824 14.
1597 786 1662 824 pa·

1062 827 1158 866 triae
1182 824 1220 864 se
1250 836 1381 866 natum
1409 828 1476 879 qui
1503 828 1658 881 cogitat,

1067 894 1186 934 quem
1206 879 1361 934 scopum
1378 882 1527 930 habeat,
1545 896 1660 937 1054.

1065 941 1104 980 6.
1125 938 1267 990 patriae
1284 940 1501 979 libertatem
1521 948 1663 992 propu-

1067 1003 1233 1047 gnantes
1280 994 1443 1033 deorum
1491 993 1662 1047 ipsorum

1067 1050 1661 1105 experiunturauxilium.533.7.

1012 1104 1248 1148 Patrocinari
1274 1102 1340 1145 sub
1362 1105 1445 1146 ficia
1462 1105 1664 1146 incusatio-

1065 1173 1130 1200 ne.
1270 1172 1363 1214 311.
1377 1176 1465 1214 pen,
1487 1173 1579 1216 327·
1599 1175 1660 1205 10.

1016 1214 1236 1264 Pausania,
1273 1217 1518 1258 Cleombroti
1545 1217 1661 1267 filius,

1068 1275 1270 1314 Graeciam
1290 1286 1312 1312 a
1330 1272 1448 1313 Perfis
1469 1274 1663 1318 liberauit,

1070 1342 1163 1384 901.
1195 1341 1231 1382 5.
1295 1326 1503 1370 Pausaniae
1548 1343 1665 1369 enco-

1069 1388 1214 1433 mium,
1245 1398 1327 1425 non
1360 1384 1413 1426 est
1436 1385 1664 1427 Demosthe-

1067 1443 1142 1485 nis.
1494 1444 1663 1494 1095.6.

1011 1498 1088 1537 Pax
1108 1508 1147 1538 et
1164 1497 1320 1545 bellum,
1342 1509 1402 1537 res
1420 1497 1522 1537 inter
1541 1498 1664 1538 homi-

1068 1567 1141 1594 nes
1176 1554 1426 1607 grauiffimae.
1471 1557 1562 1607 566.
1599 1565 1662 1596 11.

1067 1623 1143 1662 pax
1171 1623 1258 1650 cum
1289 1609 1470 1650 omnibus
1499 1610 1668 1650 homini·

1068 1666 1161 1713 bus,
1202 1678 1283 1704 non
1312 1677 1457 1704 tantum
1485 1678 1571 1704 cum
1600 1677 1664 1704 ae-

1067 1721 1181 1760 mulis
1215 1720 1404 1760 facienda.
1443 1732 1533 1773 572.
1569 1733 1662 1772 pen.

1067 1777 1172 1829 pacis
1206 1774 1323 1816 suafio
1360 1789 1561 1827 nunquam
1590 1789 1662 1815 no·

1065 1834 1153 1872 cuit.
1177 1843 1266 1885 570.
1284 1844 1345 1875 11.
1365 1833 1467 1883 pacis
1487 1833 1662 1884 legesiu-

1065 1888 1242 1928 stiffimae
1295 1900 1334 1928 et
1383 1887 1662 1928 honestiffimae

1066 1957 1179 1996 quae.
1199 1957 1290 1998 573.
1307 1956 1339 1985 ι.
1363 1943 1573 1996 pacificatio
1586 1941 1664 1983 sae-

1065 2013 1116 2054 pe
1137 2013 1220 2040 non
1239 1999 1306 2040 nifi
1325 1999 1419 2039 belli
1437 1999 1570 2040 dilatio
1593 1999 1659 2039 est.
1727 2022 1730 2023 ν

1602 2086 1610 2094 .
1621 2067 1660 2096 2.

1008 2113 1172 2153 Peccata
1200 2111 1494 2165 reprehendere
1516 2066 1659 2150 ζιῗ9νίτ-

1063 2180 1188 2208 tutum
1207 2169 1428 2208 laudatione
1446 2181 1494 2207 an
1515 2179 1659 2208 conue-

1061 2226 1153 2264 niat.
1511 2234 1605 2276 753.
1621 2233 1655 2263 ῐ.

1007 2281 1204 2320 Pecuniae
1221 2279 1355 2328 dediti,
1380 2279 1555 2331 quamuis
1575 2279 1658 2317 aliis

1061 2336 1133 2375 sint
1160 2336 1325 2387 praediti
1344 2336 1564 2382 virtutibusg
1601 2345 1657 2373 ta-

1060 2404 1153 2430 men
1178 2390 1251 2430 sola
1268 2394 1434 2444 pecunia
1444 2388 1656 2442 expugnari

1064 2446 1230 2497 poffimt.
1481 2459 1574 2499 927.
1593 2457 1653 2487 ιο.

1009 2504 1196 2543 Pede-stris
1218 2505 1351 2543 oratio.
1381 2500 1471 2542 Vise
1483 2502 1627 2542 Oratio.

1006 2557 1187 2601 aduersus
1204 2561 1388 2602 Pedieum
1409 2560 1542 2598 oratio.
1561 2559 1653 2608 663.

1394 2626 1431 2658 2.
1454 2618 1546 2666 664.
1561 2624 1653 2663 pen.

1501 2670 1651 2720 Peleus,
