1751 3154
574 106 994 167 RERVM.

99 234 220 298 Troia
239 239 370 290 capta.⁴
392 245 482 279 112.
501 244 541 289 7.
594 234 754 286 quando

156 305 277 344 capta.
561 299 650 344 158.
662 304 752 343 pen.

98 352 221 391 Troia
239 350 345 388 locus
364 348 514 388 Italiae.
612 350 700 400 136.
713 360 750 400 3.

97 408 241 449 Troica
278 416 317 443 et
343 404 531 458 Phrygica
562 417 660 457 gens
688 415 752 442 cur

154 474 225 515 pro
252 474 328 501 vna
348 461 567 512 eademque
586 459 752 499 habitae.

97 571 463 620 Tros,Erichthonii
475 570 583 611 filius.
591 527 681 624 1577
690 582 751 612 12.

96 630 304 679 Tubertus,
315 628 495 669 Postumii
512 639 750 681 cognomen.

640 689 752 731 28-1·

97 742 247 788 Tucia,
280 740 445 784 Vestalis
468 741 597 794 vi1g0‚
610 695 754 778 9cribro

154 812 291 850 aquam
315 799 429 851 gerit.
554 802 646 848 383.
660 807 752 846 pen.

97 855 253 894 Tullius
272 852 568 894 Corniculanus
588 854 751 904 63411.

96 914 159 955 M’
206 911 358 950 Tullius
400 916 559 961 Longus
605 904 752 949 consul,

97 1024 179 1064 Ser.
199 1020 362 1068 Tullius,
383 1033 453 1059 rex
477 975 753 1068 Romaiiziurg,

152 1075 313 1130 eiusque
331 1089 390 1116 res
409 1075 549 1130 gestae.
575 1077 666 1129 638.
673 1072 753 1126 sqq.

96 1136 236 1177 Tullus
254 1134 462 1187 terrigena.
581 1143 646 1185 70.
661 1144 753 1183 pen.

98 1188 333 1238 Tusculum,
360 1189 487 1228 Latini
507 1189 665 1241 generis
686 1201 754 1239 op-

151 1247 302 1300 pidum,
325 1244 621 1284 centumstadiis
634 1247 756 1283 Roma

82 1347 85 1349 .
154 1303 330 1341 dissitum.
581 1307 703 1353 2038.
717 1313 755 1353 4.

98 1356 493 1410 Tusculani,populus
506 1357 755 1410 Latii.992.4.

154 1415 323 1458 Aricinis
337 1426 453 1465 opem
468 1412 608 1452 ferunt.
620 1425 712 1466 925
716 1424 754 1466 9.

153 1471 236 1511 fine
282 1471 411 1522 pretio
454 1469 693 1508 dimittuntur
717 1482 757 1564 6a

152 1527 298 1580 La1qio
333 1526 530 1566 dic'tatoie
579 1525 744 1577 10326

156 1571 397 1623 incursantur
410 1581 456 1620 ab
469 1583 628 1631 Aequis
638 1592 755 1633 1933.

157 1640 225 1679 vlt.
276 1641 467 1679 Romanos
492 1638 531 1676 in
556 1637 756 1689 Capitolio

155 1694 425 1747 recuperando
445 1703 596 1745 promte
615 1704 652 1733 et
666 1692 759 1732 stre

157 1753 404 1792 nueiuuant.
433 1762 554 1802 2027.
580 1761 640 1800 14.
692 1748 759 1787 de-

159 1821 241 1847 nuo
269 1807 317 1846 ab
338 1806 488 1857 Aequis
504 1802 757 1845 incursantur.

154 1867 276 1915 2046.
296 1875 333 1916 9.
358 1872 398 1901 et
415 1858 570 1901 rursum.
590 1874 709 1912 2104.
723 1873 759 1913 3.

587 1920 757 1968 2163.3.

101 1972 323 2018 Tusculana
342 1986 407 2013 arx
429 1973 689 2018 munitillima,
721 1983 759 2010 et

154 2033 208 2070 ita
226 2029 382 2076 excelsa,
410 2040 447 2067 rt
469 2034 587 2070 Roma
606 2028 699 2067 iude
716 2027 742 2066 fi
748 2040 761 2066 t

159 2085 377 2138 conspicua.
397 2098 516 2139 2040.
540 2098 577 2138 9.
615 2081 760 2123 Tuscu-

161 2144 250 2183 lana
271 2144 342 2183 via.
592 2147 757 2192 15889.

100 2199 342 2253 Tyrrhenus,
360 2197 656 2249 Tyrrhenorum
669 2197 758 2234 dux.

160 2266 228 2307 70.
249 2261 284 2303 8.
306 2267 382 2305 quo
402 2255 488 2292 loco
511 2254 627 2291 etiam
649 2253 760 2303 plura

158 2310 211 2349 de
228 2309 443 2362 Tyrrhenis
465 2310 658 2349 dicuntur.

407 2425 459 2464 V,

105 2536 273 2584 Valeria,
297 2534 518 2585 Poplicolae
537 2531 651 2581 soror,
673 2531 765 2573 salu-

161 2602 241 2631 tare
271 2591 469 2630 confilium
496 2592 681 2629 matronis
714 2601 753 2629 et

163 2649 234 2688 toti
255 2649 348 2698 reip.
368 2648 411 2686 in
434 2645 640 2687 obsidionis
661 2647 760 2700 peri-

868 236 956 275 culo
967 234 1152 290 suggerit.
1164 231 1296 290 '1594
1308 240 1344 286 8.
1364 247 1470 288 quae

866 291 985 331 verba
1005 294 1052 331 ad
1071 294 1270 332 Veturiam
1283 323 1292 341 ,
1327 292 1469 333 Marcii

862 358 1034 395 matrem,
1058 347 1208 388 fecerit.
1271 350 1468 402 159614.

810 406 852 447 L.
863 404 1053 452 Valerius,
1079 405 1303 455 Poplicolae
1322 416 1464 456 ηεροδ,

865 461 907 499 in
932 460 1130 511 quaestura
1149 463 1214 512 Sp.
1231 461 1398 503 Cassium
1412 472 1470 511 ty-

865 516 1038 555 rannidis
1057 515 1217 554 accusat.
1299 520 1467 569 16957.

808 575 848 613 L.
874 573 1053 613 Valerius
1080 573 1247 619 Potitus,
1289 575 1326 611 P.
1354 571 1471 619 filius,

864 629 1087 680 Poplicolae
1111 640 1246 679 nepos,
1270 627 1318 666 ab
1336 628 1467 679 Appio

866 683 1103 724 sententiam
1127 684 1258 722 dicere
1282 682 1469 735 prohibe·

867 751 939 779 tur.
961 743 1082 783 2166.
1107 747 1140 788 8.
1188 739 1238 778 de
1258 752 1335 790 quo
1355 740 1396 778 in
1417 737 1470 778 l'e·

867 797 1078 848 quentibus
1104 797 1213 846 plura
1233 795 1470 834 referuntur.

809 854 865 894 M’
878 854 1068 900 Valerius,
1088 852 1310 904 Poplicolae
1330 850 1467 899 frater,

868 909 1026 950 efflator
1037 909 1187 948 dicitur.
1196 919 1212 949 1
1224 920 1240 948 1
1249 914 1338 956 28.1
1350 904 1467 957 1.sqq.

809 967 865 1007 M.
882 967 1076 1012 Valerius,
1095 965 1316 1015 1¹0plicolae
1338 963 1471 1010 frater,

864 1035 961 1061 vnus
1006 1034 1029 1060 e
1067 1025 1229 1062 Roman.
1269 1020 1471 1071 copiarum

864 1077 1040 1117 ducibus.
1067 1080 1158 1130 5396
1183 1087 1244 1118 11
1286 1075 1338 1114 de
1355 1074 1470 1115 rebus

869 1136 951 1174 eius
973 1132 1088 1187 gestis
1117 1133 1192 1172 vid.
1218 1133 1260 1171 in
1279 1129 1386 1182 sequ.

811 1193 868 1233 M.
887 1191 1069 1229 Valerius
1092 1185 1232 1227 consul.
1265 1197 1466 1239 2071.12-

812 1246 1052 1295 P.·'ilale1ius²
1074 1245 1207 1283 Sabini
1231 1245 1389 1297 generis
1401 1245 1470 1289 vir,
1496 1274 1503 1277 .

870 1315 967 1342 vnus
1007 1314 1030 1340 e
1059 1301 1246 1341 libertatis
1272 1305 1469 1342 Romanae

868 1356 1127 1399 affertoribus.
1149 1364 1239 1409 803.
1262 1368 1296 1398 1.
1331 1355 1471 1395 coniu-

869 1415 1027 1455 rationis
1053 1412 1173 1453 socios
1200 1413 1343 1465 arripit
1374 1419 1468 1466 859

874 1482 936 1534 12.
963 1472 1005 1510 in
1027 1467 1277 1521 sequentibus
1297 1468 1471 1519 reliquae

870 1528 906 1566 ei
912 1540 954 1566 us
973 1539 1033 1565 res
1054 1525 1182 1580 gestae
1199 1535 1413 1564 narrantur.

814 1587 853 1625 P.
877 1584 1074 1631 Valerius,
1113 1581 1333 1634 Poplicolae
1358 1579 1470 1625 filius,

867 1638 1064 1679 frumenta
1091 1642 1284 1677 coe'mtum
1305 1637 1472 1675 mittitur

871 1697 911 1735 in
924 1695 1091 1736 Siciliam
1114 1707 1199 1733 cum
1218 1699 1256 1735 L.
1271 1692 1467 1746 Geganio.

1253 1761 1370 1803 1309.
1384 1760 1418 1798 3
1432 1761 1469 1800 4·

817 1810 858 1848 P.
888 1808 1068 1848 Valerius
1096 1805 1296 1858 Poplicola
1328 1801 1472 1843 consul.

877 1870 993 1912 1820
1010 1874 1049 1914 7.
1075 1874 1193 1925 2003.
1217 1876 1252 1915 5.
1296 1859 1472 1900 saxoim-

872 1916 981 1958 miffo
1001 1919 1248 1958 interimitur
1275 1930 1394 1970 2029.
1407 1917 1442 1954 vl
1448 1928 1471 1953 t.

816 1977 854 2014 P.
876 1975 1052 2015 Valerius
1073 1975 1282 2025 Poplicola,
1303 1974 1347 2012 L.
1360 1973 1471 2011 Kale-

873 2032 915 2070 iii
935 2032 1049 2070 Potiti
1071 2042 1187 2079 pater.
1269 2031 1470 2072 2166.10.

818 2084 980 2126 Volesus
999 2087 1188 2126 Valerius.
1268 2098 1358 2138 333
1378 2097 1469 2136 pen.

818 2144 997 2184 Valerius
1017 2143 1152 2182 Antias
1184 2141 1264 2179 hist.
1288 2141 1338 2180 de
1356 2141 1472 2182 Cele-

874 2213 961 2238 rum
989 2199 1251 2251 appellatione
1279 2211 1379 2251 quae
1400 2207 1471 2236 tra-

875 2254 1025 2297 diderit.
1328 2256 1470 2305 263.1.

817 2312 941 2359 Vatia,
967 2307 1029 2349 seu
1047 2310 1164 2359 Batia,
1190 2323 1277 2364 opp.
1291 2309 1470 2362 Aborigi-

873 2381 978 2406 num.
1330 2377 1393 2417 39.
1409 2365 1471 2403 vlt.

817 2422 970 2477 Spusius
983 2423 1155 2461 Vecilius
1168 2422 1355 2467 Lauinias,
1379 2432 1472 2459 vnus

877 2492 900 2518 e
933 2480 1096 2520 Latinae
1136 2478 1265 2530 gentis
1297 2477 1470 2516 ducibus.

1305 2544 1394 2584 512.
1408 2533 1469 2572 vlt.

821 2592 931 2639 Veii,
962 2589 1251 2630 munitissimum
1271 2589 1471 2640 oppidum,

876 2655 994 2699 1840.
1015 2660 1052 2698 4.
1101 2648 1205 2688 inter
1223 2646 1397 2687 Etruscas
1418 2659 1469 2683 vr-

927 2706 986 2743 Zz
1015 2717 1043 2755 4
1402 2701 1471 2742 bes
