1751 3154
766 80 1160 125 INDEX

289 196 564 243 Eretrienfium
598 195 750 236 colonia
777 195 819 234 in
847 193 944 246 Opi-

343 257 407 303 cis,
432 256 595 295 Cumae.
748 252 862 305 1316.
880 261 942 292 11.

289 316 466 357 Eretum,
503 308 638 362 oppid.
662 305 749 349 Sab.
792 309 883 370 565.
903 320 941 358 4.

344 371 437 419 638-
449 378 486 419 9·
516 378 607 419 949·
622 371 657 412 8·
683 376 806 416 prope
823 361 946 425 Τιβε-

344 427 416 463 rim
447 434 538 462 ch.
563 421 689 460 stadiis
710 424 828 461 Roma
848 417 944 457 diffi-

348 476 581 529 1111112163.
605 488 638 518 1.
688 488 791 516 cvn.
814 473 943 513 stadiis

342 538 465 576 Roma
486 532 604 582 distat.
627 544 720 586 507.
743 539 776 580 8.
800 542 839 583 9.
894 528 943 568 ad

344 592 505 632 Eretum
530 589 615 628 viffl
637 587 778 630 ,Sabini
805 601 827 626 a
851 589 944 626 Tar·

339 647 484 699 *quinio
503 643 690 697 Superbo.
732 646 826 695 766.
849 654 941 693 pen.

345 703 394 745 ad
413 705 571 743 Eretum
591 698 800 740 castr-asab.
819 701 940 793 2165..

787 767 793 769 ·
877 767 898 793 v
918 765 942 792 1.

289 813 579 861 Erichthonius,
589 810 761 851 Dardani
773 807 798 849 f.
813 813 942 852 1262.

343 868 593 911 Erichthonii
614 876 808 918 parentes,
823 864 944 916 poste-

345 928 390 973 ri,
413 936 453 965 et
471 924 647 964 felicitas.
805 925 942 972 1528.

289 984 505 1034 Erinnyum
528 979 735 1018 veneratio.
801 988 893 1030 399.
904 987 943 1029 7.

290 1043 469 1085 Errones,
488 1040 660 1078 πλάνητες.
827 1037 893 1079 28.
906 1043 944 1084 3.

289 1093 463 1147 Erythea
482 1088 613 1130 insula.
666 1095 730 1142 98.
744 1095 779 1139 8.
801 1092 942 1140 2368.

291 1149 492 1205 Erythrae,
511 1146 622 1188 Asiae
643 1146 760 1186 locus.
791 1154 885 1198 793.
905 1155 943 1195 9.

347 1219 439 1258 opp.
455 1203 660 1257 Phrygiae.
747 1212 834 1253 140.
849 1212 943 1252 pen.

290 1260 510 1313 Esquilinus
529 1259 646 1298 collis.
668 1260 809 1311 316.6.
860 1255 944 1294 vrbi

345 1317 511 1357 aTullio
534 1315 686 1354 additus
705 1325 744 1352 et
764 1311 944 1351 exaedifi-

347 1384 462 1413 catus.
476 1372 568 1420 663.
585 1383 645 1412 10.
668 1366 864 1421 Esquilina
882 1368 944 1407 tri·

341 1429 422 1469 bus.
446 1432 539 1481 670.
557 1439 596 1481 9.
641 1424 836 1477 Esquilina
857 1436 946 1476 por-

347 1497 395 1525 ta.
777 1490 893 1533 1935.
904 1491 942 1531 4.

291 1542 440 1584 Etruria
460 1550 498 1579 et
518 1536 655 1590 Tuscia
675 1536 823 1583 eadem,
842 1548 943 1586 quae

346 1596 579 1649 Tyrrhenia.
607 1604 671 1646 79.
695 1601 729 1642 8.
793 1592 942 1632 Etruria

343 1653 497 1693 fertilis.
517 1663 629 1703 93.4.
651 1660 750 1688 terra
767 1649 942 1698 marique

343 1706 610 1761 potentiffima.
626 1716 815 1746 1212.12.
835 1706 942 1743 Etru·

345 1766 428 1804 riae
464 1763 633 1808 ducatus,
673 1758 736 1799 seu
766 1760 941 1798 ciuitates

345 1818 941 1871 x11.1212.11.1'791.12.Etru-

343 1877 425 1916 riae
473 1875 648 1924 ciuitates
687 1871 942 1910 nobiliffimae

343 1927 649 1983 Tarquinienses
683 1939 721 1968 et
741 1927 940 1967 Veientes

739 1995 855 2036 1209.
877 1994 938 2024 12-

291 2040 439 2086 Etrusci
465 2052 506 2081 et
531 2038 646 2082 Tusci
674 2039 824 2087 iidem,
873 2038 941 2090 qui

341 2098 552 2150 Tyrrheni.
568 2109 634 2149 79.
648 2103 681 2145 8.
696 2107 735 2135 et
747 2096 805 2134 vlt.
838 2098 942 2135 Etru-

341 2153 392 2194 sci
412 2154 545 2193 molles
564 2154 604 2191 in
624 2153 731 2190 viclu.
747 2163 936 2205 317,pen.

341 2208 519 2250 sumtuofi
541 2219 578 2247 et
596 2208 760 2256 delicati,
784 2219 861 2246 tum
875 2206 940 2244 do-

342 2267 408 2314 mi,
433 2276 512 2303 tum
533 2264 702 2302 militiae.
727 2270 937 2315 1787.pen.

339 2322 484 2365 Latinis
502 2320 643 2359 auxilia
664 2319 821 2357 mittunt
843 2331 937 2355 con-

344 2388 399 2417 tra
418 2378 619 2416 Romanos.
641 2386 732 2426 551.
745 2386 783 2425 9.
831 2372 938 2413 Sabi-

341 2434 402 2473 nis
414 2446 529 2485 opem
542 2430 673 2470 ferunt
684 2439 816 2468 contra
827 2433 934 2470 Rom.

344 2501 437 2543 557.
452 2489 514 2528 vlt.
551 2487 793 2527 debellantur
811 2498 831 2522 a
843 2487 936 2523 Tar-

346 2545 496 2597 quinio.
519 2549 684 2598 560.14.
708 2544 796 2594 561.
816 2553 846 2581 1.
869 2539 936 2578 de-

340 2599 535 2644 bellantur
545 2598 876 2650 aser.Tullio.708
883 2607 932 2649 .3.

1052 191 1102 231 ad
1125 191 1295 232 Ariciam
1316 191 1433 240 caefi,
1462 189 1654 234 humanis-

1054 245 1149 286 fitne
1168 249 1370 288 tranantur
1389 263 1408 287 a
1428 253 1535 290 Rom.
1558 261 1654 303 925.

1054 305 1117 342 vlt.
1130 300 1209 355 sqq.
1245 306 1428 346 Romanis
1450 308 1592 357 pariter
1613 315 1654 345 et

1055 360 1202 401 Latinis
1252 361 1394 399 auxilia
1432 362 1474 400 in
1513 362 1653 401 Latine

1054 415 1162 454 bello
1183 427 1342 468 negant.
1363 426 1456 470 995.
1472 430 1533 469 14.
1575 419 1654 457 Ve-

1055 471 1229 510 ientibus
1246 473 1390 511 auxilia
1400 485 1529 513 contra
1542 477 1654 514 Rom.

1054 527 1275 567 decernunt
1292 528 1334 567 in
1355 527 1458 580 publ.
1472 530 1654 570 comitiis.

1056 595 1174 636 1739.
1200 595 1262 636 14.
1299 596 1415 637 1750.
1437 596 1472 636 3.
1529 585 1654 626 castris

1051 651 1258 679 exuuntur.
1283 651 1476 695 1772.13.
1508 641 1655 682 Veien-

1056 706 1115 735 tes
1162 710 1183 734 a
1220 709 1314 746 pace
1350 709 1437 736 cum
1470 698 1654 737 Romanis

1052 752 1148 791 inita
1165 751 1375 792 abducunt.
1393 764 1580 806 1791.12.
1600 756 1654 793 la-

1055 808 1229 847 niculum
1249 821 1448 860 occupant.
1473 817 1590 861 1809.
1615 820 1653 862 5.

1051 864 1225 903 Ianiculo
1239 862 1509 904 desertoVeios
1522 862 1560 905 se
1569 864 1655 917 post

1056 919 1206 960 cladem
1226 922 1431 972 recipiunt.
1458 926 1574 975 18'15.
1589 933 1654 975 13.

999 972 1241 1015 Etruscorum
1279 989 1391 1029 reges
1419 977 1556 1027 quibus
1586 978 1656 1017 im-

1053 1031 1154 1082 perii
1183 1031 1398 1084 insignibus
1417 1032 1464 1071 vii
1490 1032 1649 1075 fuerint.

1056 1089 1146 1140 569.
1168 1099 1204 1140 3.
1241 1086 1481 1128 Etruscarum
1502 1089 1654 1129 vrbium

1053 1144 1200 1183 Romae
1219 1145 1394 1195 proxima
1412 1146 1513 1185 Veii.
1532 1153 1649 1199 1815.
1711 1187 1718 1192 ,

1054 1199 1120 1239 vlt.
1159 1197 1302 1240 Etrusci
1326 1213 1375 1239 ex
1396 1201 1510 1239 Ionio
1527 1201 1609 1240 smu
1629 1213 1653 1241 a

1053 1255 1174 1295 Gallis
1200 1255 1346 1307 expulsi
1373 1258 1516 1297 Cumas
1545 1258 1655 1296 inua-

1056 1311 1166 1350 dunt.
1190 1311 1307 1363 1316.
1339 1323 1398 1353 12.
1445 1310 1588 1352 Etrusci
1611 1313 1654 1353 in

1061 1368 1196 1406 vrbem
1217 1369 1373 1418 recepti.
1394 1379 1526 1420 231.2.
1545 1371 1654 1409 Etru·

1054 1421 1136 1462 scus
1159 1424 1258 1462 vicus
1278 1428 1430 1464 Romae.
1510 1435 1653 1477 927.2.

1001 1479 1184 1521 Euander
1213 1483 1330 1519 Arcas
1349 1509 1358 1527 ,
1398 1481 1583 1520 Mercurii
1613 1491 1653 1520 et

1053 1536 1272 1577 Carmentis
1305 1535 1504 1587 nymphae
1537 1536 1650 1585 filius,

1053 1592 1247 1630 coloniam
1267 1591 1307 1629 in
1320 1593 1462 1631 ltaliam
1482 1604 1530 1630 ex
1541 1597 1654 1633 Arca-

1049 1646 1112 1685 dia
1131 1647 1248 1685 ducit.
1270 1654 1332 1696 81.
1351 1659 1382 1688 1.
1403 1647 1463 1685 vbi
1486 1659 1571 1686 cum
1582 1651 1654 1688 Ar·

1052 1702 1172 1742 cadib.
1195 1700 1269 1741 suis
1292 1699 1522 1742 consederit.
1555 1715 1649 1757 203.

1057 1770 1117 1812 15.
1147 1770 1239 1811 230.
1261 1771 1296 1812 5.
1323 1763 1415 1812 236.
1435 1773 1472 1812 4.
1515 1759 1558 1798 in
1579 1762 1653 1799 Ita-

1051 1815 1140 1853 liam
1167 1827 1268 1866 quae
1299 1814 1522 1854 scitamenta
1550 1816 1652 1855 intu-

1053 1871 1152 1909 lerit.
1177 1877 1239 1923 37.
1254 1885 1285 1909 a.
1307 1873 1343 1913 6.
1376 1872 1535 1910 Herculi
1554 1872 1650 1911 diui·

1049 1939 1121 1966 nos
1144 1926 1313 1965 honores
1331 1925 1466 1965 defert.
1499 1939 1586 1970 102.
1613 1939 1648 1969 1.

1052 1981 1235 2021 Euandro
1268 1996 1397 2022 annua
1428 1981 1527 2022 sacra
1551 1982 1651 2023 fiunt

1051 2039 1094 2078 in
1115 2040 1337 2078 colleAuen
1345 2040 1438 2077 tino.
1453 2046 1598 2091 84.4.et
1612 2046 1647 2088 8.

998 2137 1007 2143 ἱ,
1051 2094 1223 2136 Euandri
1242 2093 1321 2133 filia
1344 2096 1471 2146 Dyna,
1499 2093 1560 2132 seu
1583 2097 1649 2134 La-

1051 2152 1149 2190 vina.
1369 2156 1481 2202 839.
1508 2161 1596 2190 110.
1610 2161 1645 2191 1.

997 2207 1158 2246 Eumaei
1179 2203 1414 2246 sacrificium.
1476 2208 1592 2258 1496.
1606 2216 1646 2258 9.

994 2264 1155 2314 Euripus
1169 2260 1407 2312 excipiendis
1420 2263 1538 2312 aquis,
1553 2268 1645 2312 583.

992 2371 1204 2426 Eurybates
1223 2370 1493 2421 Atheniensis,
1521 2330 1646 2424 olsym-

1049 2430 1233 2479 pionices.
1496 2432 1588 2481 406.
1603 2439 1643 2480 7.

992 2486 1186 2536 Euryleon
1207 2481 1404 2532 Ascanius,
1423 2488 1584 2525 Aeneae
1602 2482 1643 2522 fl·

1047 2541 1134 2591 lius,
1147 2543 1197 2582 11.
1209 2541 1432 2586 Latinorum
1446 2552 1525 2579 rex.
1552 2543 1640 2591 163.

1518 2651 1642 2704 Euryq

1746 2508 1751 2856 ἱ

1747 2857 1751 2868 1

1749 2950 1751 2961 ι

1747 3073 1751 3086 l

1747 3090 1750 3102 1
