1751 3154
617 82 826 165 RE¹R
887 125 924 166 V
984 126 1049 172 Μ.’

134 223 348 276 superflua,
367 226 543 280 nugacia.

637 244 731 288 407.
751 240 788 284 8.
845 237 1026 279 Telestes
1046 241 1220 286 melicus.

1365 261 1452 304 132.
1463 264 1504 307 4.

133 297 282 349 Supina
300 298 428 339 verba.
446 314 512 355 41.
535 312 598 356 14.
627 300 788 357 supinae
841 310 1501 375 Tempestiuusvl'uslautiatu1·.982.

182 354 348 404 periodi.

618 372 735 416 1093.
747 374 784 403 2.

127 424 430 477 Supplicationis
442 427 577 470 forma.
590 435 778 486 368.pen.

178 478 367 533 supplices
405 497 540 536 preces
580 490 781 540 quomodo

175 536 400 587 expresserit
411 544 642 597 Homerus.9
650 558 778 598 Lpen.

178 590 374 646 supplices
396 598 606 639 crudeliter
619 603 776 642 tractati.

471 661 608 716 8845-
632 665 775 713 8855·

895 375 936 417 7.
985 370 1285 420 tempestiuitate
1316 382 1503 420 metimur

896 424 1037 464 omnia.
1064 433 1233 478 48210.
1262 435 1503 485 tempestiui-

896 486 964 523 τες,
986 476 1178 524 suauitatis
1199 497 1238 524 et
1257 486 1498 533 insuauitatis

893 545 1034 573 norma
1054 539 1295 590 optima.j68.
1319 556 1354 585 1.
1401 557 1498 587 tem-

890 589 1121 639 pestiuitatis
1151 597 1350 639 artificium
1373 615 1494 643 nemo

888 645 1076 687 haetenus
1096 651 1263 693 tradidit.
1379 662 1444 707 68.
1457 673 1496 701 2.

118 720 302 773 Syllabae
329 723 432 765 vnde
457 724 574 777 fiant,
613 740 654 767 et
678 743 774 781 quo·
830 715 1006 768 Tempus
1036 732 1097 759 ¹⁴3⁵
1125 735 1258 764 mutat.
1299 741 1392 782 449·
1426 743 1489 786 14.

173 779 294 819 modo
315 779 506 822 differant.
521 789 621 836 857.
638 791 770 840 8914.

169 831 312 885 syllaba
332 837 460 890 longa,
491 839 633 880 etiamsi
654 839 771 892 vsque

168 890 218 928 ad
254 889 398 944 septem
433 894 558 932 literas
584 899 769 937 extenda-

169 956 242 992 tur,
273 961 355 987 non
376 959 505 989 tamen
525 951 679 992 excedit
701 968 767 993 na-

165 1011 288 1042 turam
303 1001 428 1043 suam:
451 1019 524 1045 nec
546 1006 690 1056 breuis,
711 1022 767 1050 et·

164 1057 272 1096 iamsi
310 1071 333 1097 e
367 1061 539 1110 pluribus
571 1064 618 1103 ad
649 1079 765 1106 vnam

164 1113 376 1168 redigatur.
409 1123 472 1166 88.
495 1130 558 1160 10.
606 1116 764 1173 syllaba-

159 1182 249 1209 rum
277 1173 495 1223 quantitas,
536 1184 575 1215 et
604 1175 763 1229 syllaba-

160 1238 248 1264 rum
294 1229 336 1265 in
375 1229 532 1269 vocibus
563 1245 759 1283 numerus,

156 1282 325 1321 multum
345 1284 499 1325 confert
516 1287 565 1326 ad
582 1289 762 1330 artificio-

154 1333 243 1385 sam}
281 1336 529 1382 affectionum
579 1347 759 1386 imitatio-

155 1405 262 1432 nem.
288 1406 377 1448 140.
397 1411 491 1449 pen.
529 1397 758 1453 syllabarum

158 1451 413 1500 quantitatem
427 1454 564 1495 mufica
575 1468 615 1496 et
626 1457 758 1512 rhyth-

155 1507 258 1545 mica
277 1503 391 1559 saepe
410 1522 572 1555 mutant.
643 1517 706 1567 64.
717 1528 754 1570 9.

101 1577 360 1630 Synaloephe
371 1593 411 1620 et
425 1582 621 1636 efflilipfis.
635 1599 754 1643 1091.

154 1645 191 1686 3.
219 1636 497 1689 Synaloephae
517 1638 632 1694 saepe
651 1658 754 1685 com-

151 1688 331 1740 pofitioni
386 1693 557 1737 afferunt
605 1700 752 1752 aliquid

151 1746 388 1798 elegantiae.
632 1769 698 1810 43.
715 1770 748 1799 1.

48 1808 56 1812 ’
92 1815 318 1873 Syracusani
338 1820 602 1866 Athenienses
622 1832 751 1870 nauali

146 1875 298 1926 proelio
332 1876 560 1921 deuincunt.
597 1890 686 1931 880.
710 1900 748 1939 3.

605 1945 747 1997 881.4.

395 2065 443 2104 T.

87 2187 278 2231 Tabellae
295 2192 478 2234 Platonis.
500 2208 593 2251 209.
617 2209 653 2239 2.
693 2208 742 2238 ta-

887 782 1042 826 tempus
1061 780 1195 819 omnia
1213 794 1332 833 opera
1346 790 1491 826 exami-

882 840 960 868 nat.
985 843 1102 874 1112.
1113 847 1158 887 37.
1200 847 1352 890 tempus
1375 845 1490 883 etin-

880 885 985 924 vidia
1005 893 1170 930 accurati
1184 899 1487 944 praeteritorum

879 941 1040 982 iudices.
1066 953 1158 995 208.
1181 962 1219 990 2.
1264 961 1415 1003 tempus
1445 967 1486 996 vt

877 996 996 1037 iustos
1015 1003 1125 1051 vii-OS,
1147 1005 1197 1043 ita
1216 1007 1330 1045 etiam
1343 1011 1485 1051 artium

882 1064 923 1091 et
946 1056 1126 1096 omnium
1146 1058 1397 1104 honestarum
1421 1080 1484 1107 re-

873 1122 960 1148 rum
982 1110 1123 1161 studia,
1155 1116 1203 1155 ab
1220 1118 1379 1160 interitu
1402 1124 1481 1163 vin-

876 1165 990 1204 dicat.
1007 1181 1101 1222 447.
1124 1182 1162 1224 7.
1183 1177 1368 1226 temporis
1388 1192 1480 1219 con-

873 1219 1063 1272 sideratio,
1084 1227 1126 1265 in
1146 1226 1373 1279 scriptorum
1391 1248 1480 1275 exa-

869 1279 983 1317 mine
1004 1282 1173 1323 multum
1193 1285 1314 1330 iuuat.
1334 1302 1427 1344 479.
1444 1303 1477 1333 1.

874 1344 1095 1386 temporum
1134 1343 1271 1380 notitia
1310 1349 1476 1388 multum

874 1389 920 1428 ad
944 1393 1173 1443 exquisitum
1194 1409 1361 1440 examen
1383 1415 1477 1442 con-

869 1443 955 1485 fert.
977 1451 1071 1501 647.
1097 1463 1158 1504 17.
1180 1464 1358 1507 tempora
1378 1461 1474 1499 anni

872 1513 911 1540 vt
928 1502 1145 1546 laudentur.
1190 1521 1281 1563 229.
1301 1527 1339 1564 4.
1375 1527 1469 1570 243.

867 1571 960 1610 pen.
980 1564 1222 1614 Temporutn
1235 1570 1472 1611 mutationes

870 1627 1034 1668 gramm.
1052 1630 1147 1671 792.
1169 1634 1205 1674 3.
1250 1634 1471 1677 temporum

865 1671 908 1708 in
936 1672 1061 1712 verbis
1092 1680 1273 1728 mutatio,
1311 1695 1392 1721 non
1411 1684 1470 1724 in-

865 1724 1054 1778 frequens
1067 1732 1168 1782 apud
1180 1735 1359 1790 Thucyd.
1375 1746 1467 1789 801.

863 1786 902 1824 6.
942 1788 1128 1837 Tempus,
1159 1803 1235 1839 quo
1260 1793 1469 1836 verborum

862 1840 1086 1890 compoiino
1118 1847 1159 1882 in
1179 1852 1468 1896 pronunciatio-

857 1907 911 1932 ne
922 1894 1129 1937 diuellitur.
1154 1906 1349 1955 1069.10.
1370 1918 1466 1947 tem-

859 1961 931 1999 pus
950 1953 1116 2003 partium
1135 1960 1341 2008 orationis,
1373 1975 1464 2002 con-

860 2004 948 2044 {istit
990 2009 1033 2047 in
1071 2010 1388 2064 longitudinibus
1423 2029 1465 2059 et

861 2061 1125 2105 breuitatibus.
1147 2080 1264 2112 1101.
1286 2083 1346 2114 10.
1367 2085 1462 2116 tem-

858 2130 997 2168 porum
1042 2123 1222 2176 quinque
1259 2141 1460 2180 numerus,

853 2171 918 2212 seu
940 2187 1018 2225 pes.
1235 2196 1327 2237 205.
1345 2199 1378 2228 1.
1395 2200 1459 2241 13.

143 2244 263 2296 bulas,
288 2246 350 2287 seu
371 2249 518 2302 scm-pta,
544 2266 614 2303 pro
629 2268 742 2305 pecu,
799 2245 960 2285 Tenues
972 2260 1111 2292 mutae.
1133 2259 1246 2308 83.1.
1269 2260 1390 2298 tenue
1403 2259 1460 2299 di-

139 2303 216 2341 niis
229 2303 593 2359 exhiberepupillis.
609 2322 741 2364 5147.

83 2373 299 2425 Taulantii,
312 2391 410 2430 gens
429 2380 590 2432 Illyrica.
614 2395 678 2433 27.
703 2392 737 2433 g.

568 2446 659 2491 833·
678 2453 738 2494 13·

81 2500 313 2544 Telemachi
355 2520 378 2546 e
409 2508 737 2560 Peloponneliaca

137 2557 380 2610 profectione
402 2564 559 2607 reditus.
596 2578 655 2608 12.
671 2570 735 2609 vlt.

169 2625 297 2675 mon.
310 2647 406 2675 nat..
420 2649 519 2679 vot..
534 2640 601 2680 Vt.

854 2302 992 2343 &ionis
1011 2320 1136 2359 genus
1158 2323 1195 2349 et
1214 2312 1394 2364 fimplem,
1434 2330 1457 2356 a

852 2359 993 2408 quibus
1013 2361 1248 2416 vsmparum,
1279 2381 1317 2409 et
1337 2385 1357 2410 a
1376 2384 1456 2423 quo

852 2414 1170 2460 consummatum.
1211 2428 1304 2476 956.
1329 2439 1361 2468 1.
1389 2440 1453 2470 11.

853 2481 973 2510 tenue
995 2473 1153 2515 dicendi
1172 2491 1300 2532 genus
1312 2482 1451 2533 quibus

847 2527 1050 2570 virtutibus
1083 2537 1271 2575 extulerit
1301 2542 1452 2579 Demo·

849 2582 1015 2624 sthenes.
1281 2598 1448 2649 1061.4.

901 2651 933 2690 Ε
944 2663 965 2691 e
976 2660 1000 2690 e
1308 2659 1453 2700 Terra·
