1751 3154
743 104 946 146 IND

262 222 417 276 Diphili
438 217 625 260 defensio.
771 218 916 271 6591.

262 278 482 331 Dispositio,
507 277 546 315 in
565 285 695 314 rerum
713 272 812 319 loco,
839 269 920 310 vsus

320 335 376 376 est
422 332 606 374 materiae
653 338 915 382 praeparatae.

279 418 282 420 ·
324 403 445 444 1113.
475 400 515 441 4.
569 382 823 437 dispositionis
851 383 922 422 vir-

323 458 439 488 tutes.
471 446 564 497 646.
593 443 658 481 vlt.
715 439 926 494 dispofitio-

320 516 395 544 nes
414 498 630 555 Hyperidis
658 497 923 538 accuratiores.

280 567 285 570 ·
774 557 866 605 640.
882 564 920 604 3.

267 612 529 658 Dissimulatio
541 641 551 661 ,
587 609 773 664 figuratae
790 609 922 648 dictio-

325 670 383 708 nis
401 667 564 720 lignum.
780 675 922 718 3231.

267 723 540 766 Diffonantiae
570 723 669 763 leuis
709 720 833 761 cauffa
861 733 925 759 ex-

324 778 451 835 plosus
485 778 672 820 citharista
699 789 737 818 et
764 777 925 816 tibicen.

704 844 770 895 55.
786 845 847 884 13.
863 843 925 884 15.

270 891 549 935 Distinfflones
580 901 650 942 pro
676 887 929 940 periodorum

329 959 371 987 et
406 947 584 986 colorum
611 949 930 994 commatumque

331 1002 495 1042 ratione.
785 1010 879 1042 221·
895 1009 929 1039 1.

274 1057 558 1111 Dithyrambus
576 1055 677 1108 apud
693 1064 845 1096 veteres
856 1065 948 1093 cer<

292 1138 294 1141 >
329 1117 378 1155 tis
410 1113 568 1169 legibus
607 1111 801 1151 adstrfflus
840 1119 933 1149 erat.

337 1183 428 1223 132.
449 1184 484 1223 5.
538 1167 855 1222 Dithyrambicus
875 1165 935 1204 sti-

329 1229 404 1268 lus.
441 1232 506 1275 31.
545 1237 579 1266 1.
641 1222 935 1276 Dithyrambica

330 1284 515 1324 elocutio.
534 1288 630 1333 458.
649 1293 687 1332 4.
709 1279 936 1333 Dithyram-

293 1363 298 1366 -
334 1339 423 1379 bica
449 1339 619 1377 elocutio
644 1337 686 1375 in
715 1333 823 1389 prosa
857 1348 938 1374 ora·

334 1397 458 1443 tione,
481 1391 615 1434 vitiosa
633 1392 698 1432 est.
724 1395 819 1444 764.
840 1404 936 1444 pen.

331 1448 632 1504 Dithyrambica
679 1449 846 1488 elocutio
894 1446 938 1486 in

333 1507 509 1548 Platone.
530 1508 625 1558 763.
639 1518 674 1558 5.
693 1506 789 1559 764.
800 1515 838 1558 7.
867 1503 938 1543 Di-

338 1561 575 1617 thyrambici
621 1564 762 1613 poetae
796 1558 936 1612 quibus

337 1619 386 1658 vsi
403 1616 690 1658 mutationibus.
767 1627 934 1669 131.14.

280 1672 499 1716 Diuisoriae
514 1674 603 1712 artis
625 1671 843 1719 methodus,
873 1683 939 1724 ge-

338 1742 413 1770 nus
441 1731 483 1768 in
509 1726 592 1767 suas
620 1726 766 1779 species
784 1728 942 1766 diduce-

339 1798 384 1825 re
417 1795 458 1824 et
474 1782 624 1836 species
642 1781 709 1822 sub
733 1796 851 1823 vnum
872 1795 940 1836 ge-

340 1854 416 1880 nus
439 1852 594 1894 cogere.
793 1850 885 1892 407.
903 1850 938 1881 1.

288 1899 465 1939 Docilem
509 1895 726 1935 auditorem
762 1894 939 1934 reddere.

345 1966 440 2007 490.
463 1955 524 1994 16.
551 1952 698 1991 dociles
716 1962 755 1990 vt
772 1951 940 1990 reddan-

346 2021 410 2048 tur
427 2009 638 2048 auditores
797 2019 888 2060 501.
904 2017 939 2057 5.

289 2065 404 2105 Doffi
442 2076 482 2103 et
514 2065 783 2116 intelligentes
811 2064 942 2115 paucis

342 2123 383 2159 et
425 2120 574 2159 leuibus
621 2119 810 2169 exemplis
854 2117 945 2157 sunt

346 2178 532 2214 contenti.
550 2180 645 2227 497.
664 2189 696 2217 1.
724 2175 827 2214 doffi
849 2186 942 2226 prae

342 2233 499 2270 caeteris
529 2232 642 2284 digni
662 2229 942 2283 magistratibus

343 2296 383 2325 et
403 2287 587 2338 imperiis.
739 2299 832 2337 254.
846 2298 940 2337 pen.

291 2342 510 2381 Dodonaea
532 2354 709 2393 quercus.
765 2353 939 2391 230.10.

293 2399 494 2450 Dolopum
526 2398 670 2450 legatio
706 2410 774 2448 pro
805 2396 946 2446 Philip-

349 2467 413 2505 po.
772 2463 944 2503 74210.

294 2509 421 2548 Dolor
459 2508 695 2549 stomachum
729 2509 845 2545 eriam
881 2507 944 2545 ad-

352 2563 478 2606 versus
513 2566 608 2606 deos
635 2564 787 2604 homini
814 2565 945 2600 conci-

348 2630 413 2663 tat,
792 2630 884 2674 333.
904 2631 940 2672 3.

999 102 1126 146 Ex

975 216 1119 257 Dorica
1141 226 1241 269 gens
1258 213 1467 256 fortiffima.
1491 214 1635 258 261.6.

1031 268 1245 313 Dorienses
1277 271 1422 319 liberi,
1472 284 1497 311 e
1524 271 1641 310 Pelo·

994 378 997 380 -
1029 326 1208 381 ponneso
1246 327 1288 366 in
1322 328 1490 368 Siciliam
1527 325 1640 368 sedes

1034 383 1317 423 transtulerunt.
1336 396 1430 438 933.
1454 397 1515 427 10.
1557 386 1640 425 Do·

1033 437 1178 480 rienses
1198 441 1553 480 aLaceclaemoniis
1571 452 1641 493 op·

1038 496 1214 549 pugnati.
1496 502 1587 549 829.
1598 498 1639 540 6.

981 553 1128 596 Dorica
1153 551 1372 591 harmonia.
1408 564 1524 595 1021.
1544 565 1638 605 pen.

1035 608 1150 651 Dorii
1180 607 1290 648 modi
1311 609 1354 648 in
1373 607 1641 662 dithyrambis.

1444 677 1492 718 13
1505 677 1535 706 1.
1548 677 1642 716 pen.

983 718 1279 768 Drachmarum,
1303 720 1509 768 minarum,
1529 731 1570 759 et
1582 731 1644 760 ta-

1041 778 1238 816 lentorum
1250 778 1641 831 computatio.517.8.

983 834 1175 876 Draconis
1217 830 1399 873 aduersus
1440 834 1643 873 triremem

1039 889 1253 928 dimicatio,
1469 901 1564 943 429.
1576 891 1642 928 vlt.

984 945 1244 986 Dubitatione
1264 954 1304 984 et
1322 944 1644 996 quaelitionisha-

1043 1000 1127 1040 bitu
1149 1029 1158 1047 ,
1200 998 1408 1042 securitatis
1447 1002 1545 1041 viam
1572 1000 1644 1041 fibi

1046 1057 1307 1108 praemunire.
1465 1071 1558 1111 343.
1576 1069 1642 1101 11.

989 1111 1211 1152 Duodecim
1232 1112 1298 1151 dii.
1465 1126 1560 1167 97¹·
1580 1125 1644 1156 11.

991 1168 1182 1220 Duplices
1202 1168 1337 1207 literae
1355 1180 1462 1220 quot,
1483 1183 1593 1222 quae,
1605 1180 1647 1208 et

1047 1237 1116 1263 cur
1136 1223 1185 1262 fic
1202 1223 1338 1267 diCtae.
1357 1233 1421 1275 78.
1441 1239 1478 1276 4.
1502 1233 1565 1274 81.
1581 1226 1646 1264 vlt.

1047 1280 1261 1333 duplicium
1286 1281 1486 1321 literarum
1513 1278 1648 1321 suauis-

1048 1336 1139 1376 fima
1155 1340 1190 1384 ζ.
1527 1344 1592 1387 82.
1607 1349 1644 1380 1.

992 1395 1110 1435 Duris
1131 1391 1235 1444 quali
1252 1390 1331 1431 vsus
1349 1392 1446 1432 stilo.
1528 1405 1594 1446 30.
1609 1404 1646 1446 ς.

993 1452 1087 1490 Dux
1126 1449 1221 1488 belli
1259 1448 1508 1488 administrati
1536 1450 1651 1490 ratio·

1046 1518 1141 1544 nem
1161 1503 1308 1544 ciuibus
1327 1505 1467 1545 reddit.
1495 1509 1590 1554 668.
1607 1517 1647 1547 2.

1048 1561 1137 1600 duci
1167 1575 1216 1600 an
1243 1562 1420 1602 omnium
1447 1563 1651 1613 particula·

1049 1620 1117 1656 tim
1138 1617 1341 1657 reddenda
1360 1618 1468 1657 ratio.
1490 1618 1649 1670 390.vlt.

1048 1677 1180 1714 Duces
1199 1672 1413 1723 prudentes
1432 1674 1527 1712 aciei
1548 1673 1650 1713 ordi-

1015 1757 1019 1761 -
1053 1741 1126 1768 nes
1147 1728 1335 1769 instruere
1354 1739 1392 1767 vt
1411 1726 1568 1768 soleant.
1581 1732 1649 1782 69.

1051 1798 1092 1838 4.
1147 1784 1264 1823 duces
1311 1795 1351 1824 et
1391 1785 1510 1837 legati
1547 1798 1651 1836 quae

1053 1850 1178 1893 agunt
1196 1870 1205 1888 ‚
1253 1840 1453 1880 ciuitatum
1481 1837 1651 1892 ipsarum

1052 1893 1237 1935 consensu
1274 1906 1390 1948 atque
1425 1897 1653 1937 alffioritate

1048 1949 1133 1990 fieri
1153 1948 1372 1994 censentur.
1395 1965 1486 2006 920.
1507 1956 1545 1996 6.
1584 1952 1652 1993 du·

1053 2020 1118 2046 ces
1149 2008 1198 2046 de
1216 2006 1456 2048 fortitudinis
1474 2010 1652 2060 praemio

1054 2060 1321 2116 disceptantes.
1479 2072 1570 2117 389.
1586 2061 1650 2107 12.

999 2122 1167 2159 Ducatus
1188 2117 1366 2159 aduersus
1377 2118 1559 2158 barbaros
1570 2121 1654 2171 qui-

1054 2174 1126 2214 bus
1152 2175 1349 2214 debeatur.
1454 2182 1648 2229 1081.13.

1300 2289 1346 2327 E.

1000 2396 1252 2445 Echecrates,
1291 2397 1470 2452 Dionysii
1491 2395 1652 2452 discipu-

1056 2455 1116 2491 lus
1148 2464 1187 2492 et
1210 2452 1417 2493 familiaris.
1463 2457 1556 2498 226.
1589 2466 1653 2497 12.

1058 2514 1150 2561 267.
1190 2520 1226 2560 ς.
1289 2509 1507 2550 Echecratis
1545 2508 1653 2550 soda-

1052 2566 1098 2606 lis
1117 2593 1129 2614 ‚
1168 2564 1349 2607 Isocrates
1375 2567 1519 2607 iunior.
1554 2577 1650 2618 250.

1558 2633 1652 2672 pen.

1555 2676 1655 2718 Ecli-

1740 2102 1746 2223 l

1736 2919 1738 2923 ,
1743 2760 1745 2763 ⁴
1735 2678 1737 2682 .
1743 2629 1746 2659 —-
1736 2590 1738 2613 ,..

1731 2949 1733 3009 ⁴ss
