1751 3154
558 119 970 162 RERVM.

136 236 213 276 illis
231 232 465 274 conditionis
486 228 592 280 sunt,
624 233 732 286 inge-

140 294 220 338 nui,
242 301 306 330 aut
323 287 436 328 serui.
559 300 727 342 2232.4.

83 348 239 393 Nauius,
259 358 401 396 quaere
421 345 563 384 Attius.

83 403 251 449 Nautius,
278 399 361 451 (seu
382 404 542 455 Nautes)
564 412 660 439 vnus
680 411 729 438 ex

132 462 296 499 Aeneae
314 455 437 502 sociis,
455 458 616 497 Nautiae
633 469 727 508 gen-

135 515 181 553 tis
201 514 442 567 progenitor.
559 513 675 564 1196.
689 524 726 563 3.

77 570 218 611 Nautia
237 581 333 622 gens
345 569 500 608 Palladii
521 567 726 608 custodiam

134 640 156 665 a
169 628 296 664 Naute
315 628 566 679 progenitore
586 621 651 662 suo
667 635 726 661 ac-

132 682 245 732 cepit.
554 680 669 730 1196
683 681 721 721 6.

77 737 124 779 C.
153 738 310 777 Nautius
347 736 491 776 consul.
541 741 656 784 1820.
679 746 717 787 7.

129 791 288 833 Volscos
307 792 505 844 pet-uastat.
533 798 648 844 1841.
663 802 722 831 12.

136 861 198 901 14.
247 850 292 890 C.
318 850 476 888 Nautius
500 850 550 887 ll.
578 845 721 886 consul.

131 917 253 958 2045.
280 917 311 946 1·
333 917 357 943 e
375 903 523 944 Sabinis
540 914 722 942 euocatus

134 961 240 1000 domi
269 961 362 1012 reip.
383 957 574 1011 prospicit.
601 971 721 1010 2050.

135 1028 198 1059 12.
249 1017 365 1056 vitiior
389 1029 413 1056 e
433 1015 582 1057 Sabinis
611 1016 720 1055 redit.

548 1083 669 1125 2057.
681 1082 720 1121 7.

73 1128 138 1180 Sp.
164 1128 326 1167 Nautius
363 1128 552 1166 maiorum
583 1128 722 1166 nobili-

127 1193 206 1223 tate
223 1195 262 1222 et
281 1181 354 1223 suis
376 1183 575 1222 virtutibus
593 1184 720 1223 clarus.

127 1239 244 1291 1196.
274 1253 311 1281 2.
382 1238 431 1278 de
461 1239 578 1290 plebe
604 1239 717 1278 redu-

126 1295 251 1333 cenda
280 1308 392 1344 quam
414 1309 484 1346 pro
504 1295 717 1334 iunioribus

122 1347 352 1390 sententiam
367 1351 516 1390 dixerit.
531 1364 548 1393 1
561 1355 718 1404 196.10.

125 1408 189 1458 Sp.
211 1407 367 1446 Nautius
390 1405 532 1449 consul.
556 1419 712 1460 15341.

67 1463 314 1514 Neapolitani
343 1465 538 1504 Cumanos
569 1461 716 1502 exsules

122 1519 326 1569 recipiunt.
357 1527 475 1571 2318.
495 1530 532 1570 7.
582 1530 714 1558 vetere

120 1576 284 1613 amicitia
311 1573 548 1614 Samnitibus
579 1575 710 1614 inutili.

118 1631 312 1683 2323.vlt,
333 1631 442 1670 variis
460 1630 599 1669 eodem
620 1642 712 1669 tem-

117 1698 214 1736 pore
233 1686 497 1738 legationibus
511 1684 711 1725 sollicitan-

119 1753 190 1781 tur.
212 1754 332 1794 2314.
351 1755 387 1793 4.
409 1754 528 1795 2315.
553 1750 588 1791 g.
614 1744 710 1781 Nea·

118 1799 302 1849 politanis
327 1797 476 1838 bellum
500 1798 668 1837 infertur
688 1812 710 1837 a

116 1867 208 1904 μοι)
229 1856 334 1894 Rom
540 1866 660 1906 2319
671 1866 709 1906 9

65 1909 236 1955 Nemelis
263 1920 302 1947 et
320 1910 523 1961 Ftinnyes
557 1922 648 1962 399.
672 1913 708 1950 6.

117 1963 300 2004 Nemefin
331 1967 502 2005 vitricem
531 1966 709 2015 experiri.

508 2033 707 2074 1579-10·

61 2077 340 2127 Neoptolemus
368 2089 452 2116 cum
482 2075 553 2116 suis
583 2090 709 2117 arcem

118 2134 179 2172 Ilii
207 2135 318 2184 capit.
351 2138 440 2176 116.
461 2145 499 2186 ς.
554 2133 711 2172 dimittit

115 2188 352 2228 Hector-idas.
571 2201 709 2241 1191.

62 2246 265 2294 Neptunus
277 2257 399 2283 terrae
411 2243 606 2296 quass'ator.
617 2259 706 2298 302.

120 2311 181 2340 10.
214 2302 382 2350 Neptuni
402 2299 595 2340 festiuitas.
616 2314 705 2354 300.

115 2368 152 2407 4.
170 2367 206 2406 9.
223 2358 394 2406 Neptuni
408 2357 600 2407 Equestris
619 2371 707 2396 area

115 2422 154 2449 et
176 2410 266 2449 ludi.
299 2415 360 2459 36.
378 2427 410 2452 a.
430 2426 470 2463 7.
519 2417 706 2464 Neptuno

109 2480 159 2504 an
197 2480 260 2506 ara
293 2466 536 2506 subterranea
571 2470 706 2509 dicata.

511 2537 600 2576 303·
615 2537 701 2575 24.

58 2575 190 2626 Nesos,
215 2577 531 2619 locus-Arcadiae.
550 2592 634 2620 122.
639 2582 702 2620 vlt.

532 2648 621 2690 123.
639 2648 700 2678 ιο

788 231 908 279 Nice,
941 231 1123 272 Pallantis
1137 234 1383 287 Lycaonidae
1399 233 1441 275 fi-

839 287 903 325 lia·
1217 297 1279 343 85.
1297 303 1356 333 12.
1374 303 1435 341 14.

785 342 915 381 Nicias
935 342 1075 381 Locrus
1095 357 1141 382 ex
1153 346 1324 397 Opunte.
1342 351 1436 401 961.

846 409 909 438 10.
944 411 977 438 v.
1000 401 1133 448 notms

783 453 1017 495 Nicodemus
1038 482 1059 506 ,
1095 456 1253 497 Archon
1283 458 1430 500 Athen.

1266 527 1380 578 1711
1391 518 1432 559 6.

781 565 914 608 Niobe
940 564 1139 607 Phoronei
1166 566 1265 618 filia,
1307 572 1433 622 prima

836 622 1012 661 omnium
1047 625 1266 663 mortalium
1295 627 1434 667 foemi-

833 691 978 725 narum,
1003 679 1106 718 Iouis
1124 680 1350 721 concubitus
1367 695 1433 723 ex-

833 744 957 786 per.ta
991 738 1057 787 46.
1084 749 1122 788 4.
1178 734 1378 790 Pelasgum
1405 751 1431 778 e

834 794 931 830 lone
950 792 1062 842 parit.
1286 805 1350 845 30
1364 796 1428 834 tl.t

778 847 920 887 Nolani
945 847 1229 899 Neapolitanos
1255 862 1276 887 a
1295 852 1430 890 Roma-

834 916 976 943 norum
1019 905 1183 943 amicitia
1220 905 1428 946 dehortan-

831 969 906 997 tur.
1225 973 1424 1014 2315.10.

777 1015 993 1056 Nominum
1011 1015 1171 1054 mutatio
1191 1016 1232 1055 in
1256 1019 1424 1069 populis.

830 1074 898 1124 76.
925 1082 984 1113 12.
1027 1073 1243 1111 Nominum
1264 1075 1426 1113 mutatio

836 1128 954 1166 etiam
992 1128 1031 1166 in
1059 1129 1216 1167 Graecis
1250 1129 1426 1170 locorum

830 1183 1166 1235 appellationibus.
1186 1197 1252 1236 90.
1277 1193 1312 1235 8.
1348 1189 1426 1226 No-

826 1242 975 1278 minum
989 1243 1246 1280 Romanorum
1264 1241 1358 1280 ratio
1378 1255 1424 1281 ea

825 1294 905 1342 est,
948 1307 984 1334 vt
1014 1307 1170 1346 praeter
1199 1299 1422 1343 commuoe,

822 1349 904 1390 flue
922 1352 1223 1403 appellatiuum,
1253 1353 1348 1403 (hoc
1368 1354 1423 1394 est

822 1413 1094 1462 praenomen)
1133 1408 1352 1461 impolitum
1378 1408 1422 1449 fit

821 1464 935 1502 etiam
959 1465 1207 1517 gentilitium,
1233 1463 1298 1504 seu
1317 1479 1338 1504 a
1356 1480 1421 1517 pa-

827 1528 936 1558 terna
967 1520 1082 1571 stirpe
1110 1519 1323 1560 desumtum
1350 1534 1421 1560 no-

827 1588 931 1613 men.
956 1586 1045 1626 542.
1058 1590 1092 1629 5.
1115 1589 1254 1629 5773.
1277 1585 1368 1630 587.
1381 1591 1417 1631 3.

822 1635 915 1684 635.
935 1642 1058 1683 7—9.
1105 1634 1167 1672 Sic
1186 1646 1333 1671 nomen
1355 1647 1420 1684 ap·

820 1687 1065 1738 pellatiuum,
1090 1687 1259 1736 Seruius,
1286 1703 1306 1728 a
1325 1701 1420 1728 con-

821 1742 970 1783 ditione
990 1744 1177 1792 inditum3
1218 1746 1419 1796 proprium

822 1810 862 1838 et
881 1794 1137 1852 gentilitium,
1183 1801 1349 1849 Tullius,
1390 1816 1413 1841 a

821 1867 930 1906 patre
948 1866 1162 1906 acceptum.
1182 1860 1276 1909 635.
1291 1869 1414 1910 7-9,

818 1912 974 1950 Nomen
1002 1911 1104 1951 filiae
1120 1912 1225 1951 idem
1248 1925 1333 1951 cum
1353 1926 1419 1963 pa-

818 1977 944 2006 tei-uo.
975 1979 1096 2019 2227.
1118 1980 1208 2018 pen.
1258 1970 1415 2008 Nomen

822 2023 975 2062 clientis
992 2023 1108 2070 idem,
1128 2023 1231 2073 quod
1249 2025 1413 2075 patroni.

820 2090 939 2129 2229.
964 2089 1026 2120 11.
1055 2080 1269 2118 Nominum
1291 2080 1416 2119 fimili-

824 2135 928 2171 tudo.
965 2145 1081 2186 1199.
1103 2146 1140 2186 7.
1195 2137 1414 2175 Nominum

822 2187 1074 2241 homonymia
1113 2192 1415 2244 cognominibus

817 2245 1131 2297 distinguebatur.
1145 2259 1286 2300 747.4.
1314 2245 1413 2289 Fuis-

817 2300 856 2339 se
885 2313 1014 2340 autem
1032 2305 1230 2341 nonnullis
1249 2305 1412 2354 plebeiis

814 2356 968 2396 familiis
987 2357 1120 2397 eadem
1141 2372 1225 2398 cum
1246 2362 1412 2410 patriciis

814 2416 996 2458 nomina,
1026 2412 1266 2465 perspicuum
1287 2415 1341 2454 est
1360 2429 1410 2456 ex

818 2472 1310 2518 Claudiis,luniis‚Sicciis3
1335 2483 1409 2512 nec

817 2539 900 2564 non
930 2527 1113 2566 Genuciis
1140 2537 1180 2564 et
1205 2528 1407 2580 VirginiiS.

814 2585 920 2619 cuius
946 2584 1001 2620 rei
1033 2583 1127 2620 haec
1156 2583 1304 2622 videtur
1331 2581 1410 2623 effe

815 2636 935 2677 catiss'a
952 2666 962 2684 ,
1001 2639 1105 2689 quod
1132 2652 1214 2678 non
1245 2641 1357 2691 pauci
1385 2654 1410 2680 e

1274 2695 1408 2747 plebe·
