1751 3154
782 82 1168 123 INDEX

351 207 491 238 omnes·
525 193 714 249 expreffit.
761 194 854 246 376.
890 204 952 234 12.

353 265 529 295 moratae
563 250 748 292 orationis
773 250 893 288 multa
919 260 956 288 et

356 310 556 364 praeclara
580 306 743 360 praebet
762 306 955 357 exempla.

356 379 452 421 397.
478 379 541 419 14.
587 367 626 404 in
657 364 875 403 imitatione
899 373 957 399 re-

355 436 442 463 rum
461 419 611 474 semper
632 432 777 458 nouum
799 415 957 469 aliquod

356 476 564 519 artificium
583 475 754 517 adhibet.
785 487 873 527 137.
894 473 957 511 vlt.

359 533 617 574 deformiores
668 530 958 583 compositionis

358 601 490 643 partes
509 600 547 630 vt
568 599 682 642 tegat.
705 599 794 629 101.
816 589 878 626 vlt.
907 599 957 624 au

355 645 511 698 semper
538 645 699 685 nomina
727 643 876 692 verbis,
919 652 959 680 et

363 703 479 743 verba
507 701 705 741 aduerbiis
725 695 959 751 praeposue-

357 759 405 799 rit
423 760 465 798 in
485 758 671 798 orationis
681 766 880 795 contextu.
893 765 959 806 33.

362 827 425 867 13.
445 812 526 867 sqq.
555 815 596 853 in
616 812 805 866 figuratae
823 811 961 851 oratio-

360 871 423 912 nis
462 870 640 923 qualibet
675 866 805 920 specie
829 878 961 905 exem-

357 929 424 979 pla
456 926 569 965 nobis
595 924 770 977 praebet.
800 933 894 975 323.
920 933 960 974 9.

357 983 563 1037 figuratam
619 981 836 1019 orationem
884 990 962 1017 vno

358 1039 550 1079 vocabulo
570 1046 734 1076 enarrat.
756 1046 898 1089 3499.
919 1034 963 1072 in

358 1093 639 1147 responfionib.
658 1093 849 1144 detegere
867 1087 965 1129 solet

356 1146 651 1205 praemifi‘arum
671 1150 895 1188 orationum
908 1159 963 1185 ar·

362 1204 519 1248 tificiosa
531 1206 856 1246 machinamenta.
869 1214 963 1256 303.

363 1277 428 1318 15.
467 1261 670 1302 εὖδιαλὸτων
686 1260 796 1308 λέγων
815 1270 856 1300 et
875 1265 964 1297 ἀντι-

360 1319 502 1369 ςρόφων,
524 1319 589 1360 seu
609 1324 816 1366 ςςεῷομένων,
832 1328 966 1355 exem·

359 1378 427 1430 pla
444 1376 634 1428 praebuit.
654 1386 746 1430 331.
770 1385 832 1416 12.
860 1369 965 1412 aliud

360 1432 554 1481 dicendo,
591 1432 696 1472 aliud
718 1429 874 1470 efficere
895 1428 963 1467 do-

363 1493 453 1529 cuit.
474 1501 566 1542 324.
591 1501 651 1532 11.
694 1487 795 1527 aliud
818 1497 964 1538 propo-

362 1546 502 1587 nendo
526 1575 536 1594 ‚
581 1544 683 1584 aliud
712 1543 871 1583 efficere
897 1542 965 1580 do-

365 1603 456 1642 cuit.
479 1615 571 1655 333.
596 1614 656 1643 10.
695 1601 802 1640 aliud
823 1610 966 1651 propo·

364 1659 500 1698 nendo
528 1658 633 1696 aliud
653 1656 792 1703 efficit,
834 1654 966 1693 multis

361 1715 404 1754 in
433 1715 540 1752 locis.
568 1717 662 1765 360..
690 1725 752 1764 13.
800 1711 882 1750 aliis
912 1710 967 1746 lo-

363 1769 529 1823 quendo
555 1770 650 1807 alios
678 1779 816 1819 petere
836 1767 966 1813 docet,

361 1827 517 1867 muratis
548 1825 595 1864 ad
614 1822 869 1863 offenfionem
890 1822 969 1860 eui·

364 1883 523 1922 tandam
561 1877 749 1932 personis.
799 1890 892 1931 347.
924 1890 962 1930 9.

364 1938 604 1979 contrarium
642 1934 757 1987 saepe
794 1946 832 1975 vt
859 1933 968 1973 ldica-

363 2007 452 2035 mus
480 2005 519 2033 et
541 1993 724 2042 velimus,
758 2004 967 2046 praemon-

364 2050 508 2091 strauit.
536 2052 629 2102 316.
662 2061 754 2100 pen.
820 2058 968 2087 contra-

365 2108 465 2147 rium
489 2105 638 2154 dicere,
671 2116 710 2144 et
728 2105 968 2144 contrarium

362 2163 520 2202 efficere
569 2164 608 2201 in
654 2159 969 2215 Agamemnonis

367 2214 532 2270 persona
555 2217 693 2256 docuit.
717 2224 809 2269 328.
831 2224 866 2266 8.
895 2217 963 2256 de-

368 2287 506 2314 center
528 2274 661 2312 dicere
682 2274 792 2314 Iridis
812 2286 883 2311 nos
904 2285 965 2311 ex·

369 2331 503 2382 emplo
530 2328 655 2368 docet.
685 2340 779 2382 323.
815 2342 875 2371 11.
923 2329 965 2366 in

369 2386 572 2425 Thersitae
593 2382 757 2437 persona
779 2398 857 2435 quo
877 2384 967 2423 arti-

370 2441 457 2482 ficio
468 2442 508 2482 lit
522 2439 610 2481 rsus.
624 2441 821 2494 407.9.vlt.
833 2441 966 2492 4036.

371 2499 413 2540 in
435 2498 651 2546 Phoenicis,
673 2496 822 2549 Vlyills,
843 2498 969 2535 etNe-

372 2554 478 2594 ssoris
499 2555 676 2594 oratione
701 2553 844 2600 docuit,
874 2565 969 2603 quo·

369 2611 498 2666 modo
544 2611 649 2651 aliud
695 2618 967 2664 proponentes

1064 192 1168 232 aliud
1181 191 1403 233 efficiamus.
1424 196 1557 248 3046.
1571 205 1663 248 305.
1705 221 1735 251 5

1062 262 1100 302 4.
1149 263 1171 288 a
1194 251 1356 289 Platone
1380 249 1579 290 ambitiosa
1602 264 1666 291 ae·

1065 306 1282 344 mulatione
1318 307 1512 360 relegatus
1550 319 1574 346 e
1606 320 1668 347 re·

1066 361 1175 413 publ.
1193 364 1287 414 756.
1299 374 1336 414 9.
1355 364 1516 402 Homeri
1539 363 1667 402 chara-

1069 419 1148 456 cier
1175 418 1263 469 qui,
1301 430 1341 458 et
1365 419 1408 457 in
1426 419 1565 470 quibus
1583 419 1669 458 imi·

1068 473 1221 512 tandus.
1242 480 1337 527 418.
1361 486 1393 515 1.
1432 476 1669 515 Homericae

1070 529 1253 569 diffionis
1302 531 1500 583 elegantia
1545 533 1668 585 magis

1066 586 1108 625 in
1136 585 1420 638 compofitione
1448 586 1668 635 verborum,

1068 655 1184 693 quam
1195 643 1236 681 in
1251 642 1452 691 elefilione,
1466 643 1586 694 possta
1597 643 1665 683 est.

1071 710 1132 739 12.
1156 710 1217 740 10.
1245 710 1308 739 21.
1326 711 1363 740 2.
1411 700 1574 739 Homeri
1594 702 1671 740 He·

1070 755 1165 793 lena
1186 754 1323 805 quibus
1347 754 1473 795 verbis
1488 757 1674 795 Telema-

1069 809 1145 849 cho
1172 810 1289 850 xenia
1317 810 1511 851 obtulerit.
1545 824 1577 854 1.
1606 812 1670 851 vlt.

1068 867 1235 907 Homeri
1254 866 1392 906 lanific.
1423 880 1488 910 21.
1513 881 1549 923 ς.
1594 869 1674 908 Ho-

1069 924 1236 962 mericus
1250 922 1401 976 Vlyffes
1419 935 1458 964 et
1468 923 1607 964 Nestor
1620 937 1673 964 an

1072 979 1203 1018 Iliadis
1232 986 1265 1025 β.
1295 980 1401 1019 idem
1429 980 1586 1029 dicant,
1633 990 1674 1020 et

1075 1034 1249 1074 eundem
1269 1034 1425 1076 dicendi
1443 1034 1598 1089 scopum
1609 1035 1675 1076 ha-

1075 1088 1206 1131 beant.
1220 1103 1595 1145 305.3.307.3.333.
1609 1104 1672 1145 13.

1075 1148 1240 1186 Homeri
1277 1146 1559 1187 hemistichium
1593 1148 1675 1187 θεὰν

1076 1199 1120 1245 ὣς
1139 1200 1342 1250 εἰσορόωσιν,
1372 1207 1477 1244 reete
1496 1207 1537 1244 in
1557 1205 1674 1244 visto·

1075 1271 1136 1298 res
1153 1260 1372 1312 panegyr-in
1387 1259 1581 1300 obeuntes
1594 1261 1673 1300 dici

1075 1314 1214 1368 potest.
1234 1328 1328 1369 273.
1350 1316 1414 1354 vlt.
1437 1317 1600 1356 Homeri
1620 1317 1675 1355 lo·

1075 1383 1142 1411 cus
1182 1372 1235 1411 de
1271 1370 1484 1425 coniugum
1520 1385 1677 1412 concor-

1075 1427 1148 1467 dia.
1175 1440 1267 1480 250.
1294 1440 1326 1470 1.
1382 1429 1489 1467 locus
1519 1428 1571 1468 de
1596 1431 1674 1468 He·

1077 1484 1182 1523 &ore
1218 1483 1266 1522 ab
1294 1484 1455 1524 Achille
1480 1484 1584 1538 bigis
1617 1498 1675 1525 ra·

1075 1550 1196 1593 ptato,
1216 1553 1300 1579 curn
1313 1540 1507 1595 Hegesiae
1526 1542 1614 1580 loco
1636 1539 1673 1580 fi-

1076 1597 1161 1636 mili
1183 1598 1355 1636 collatus.
1380 1601 1468 1639 126.
1488 1605 1525 1646 8.
1565 1598 1675 1637 loeus

1078 1665 1129 1691 ex
1149 1652 1277 1698 Odg:
1299 1665 1377 1703 quo
1397 1653 1572 1701 docetur,
1593 1653 1678 1704 pul-

1077 1709 1210 1746 chrum
1232 1706 1310 1747 esse
1323 1721 1489 1751 carmen,
1510 1709 1617 1760 quod
1629 1707 1678 1747 ad

1077 1763 1215 1816 prosae
1251 1766 1434 1803 orationis
1460 1763 1677 1804 fimilitudi-

1081 1834 1174 1859 nem
1192 1820 1233 1860 fit
1254 1820 1520 1871 compositum.
1540 1831 1675 1873 217.1.

1077 1877 1303 1916 del-lomero
1313 1877 1454 1916 librum
1465 1875 1679 1928 conscriplit

1079 1933 1301 1975 Dinarchus
1321 1933 1489 1984 quidam.
1505 1934 1598 1985 631·
1614 1944 1675 1975 11.

1077 2000 1209 2028 contra
1222 1993 1434 2029 Homerum
1456 1989 1576 2028 libros
1588 2000 1679 2028 con·

1077 2044 1219 2097 scripsit
1236 2047 1364 2086 Zoilus
1382 2045 1523 2086 rhetor.
1533 2049 1676 2098 627.7.

1023 2104 1239 2144 Hominum
1261 2115 1400 2155 genus,
1411 2100 1575 2140 mortale
1585 2101 1679 2139 alio·

1081 2159 1167 2209 qui,
1208 2171 1276 2208 per
1300 2158 1453 2208 nuptias
1472 2155 1679 2196 conserua-

1080 2227 1140 2253 tur
1159 2214 1388 2252 immortale.
1532 2215 1677 2266 2367.

1021 2273 1201 2312 Honora
1220 2273 1309 2310 Deo
1334 2269 1399 2308 est.
1423 2275 1516 2322 348.
1539 2272 1576 2311 6.
1606 2267 1677 2307 ho-

1075 2339 1214 2365 norum
1236 2337 1272 2363 et
1290 2338 1405 2375 opum
1419 2323 1581 2364 thesauri
1594 2336 1677 2365 non

1080 2380 1304 2420 absumendi
1331 2379 1428 2426 sunt,
1458 2379 1522 2420 sed
1540 2380 1587 2420 ad
1610 2392 1676 2431 po·

1080 2437 1199 2476 steros
1213 2438 1467 2490 propagandi,
1485 2439 1626 2489 1046·1
1637 2447 1671 2478 1.

1079 2494 1261 2533 honorari
1297 2505 1456 2546 propter
1487 2495 1675 2532 maiorum

1080 2551 1292 2589 claritatem
1305 2579 1315 2599 ‚
1346 2563 1428 2589 non
1445 2560 1605 2602 propter
1623 2543 1674 2594 se,

1079 2617 1191 2660 turpe
1211 2605 1276 2648 est·
1505 2603 1623 2654 1046.
1634 2615 1675 2655 9.

1555 2661 1680 2700 Hora·
