1751 3154
566 126 693 166 «RE

147 235 271 292 Satyri
282 233 459 278 aduersus
469 236 747 280 Charidemum

148 295 340 347 apologia.
604 299 694 347 667.
708 300 744 337 6-

93 349 303 389 Saxumex
323 351 399 389 alto
420 349 606 392 delabens
629 365 664 389 it
682 365 746 390 ex-

149 399 325 458 p‘refl‘erit
343 406 550 447 Homerus.
579 419 744 460 141.12.

92 461 247 501 Scanlio
268 463 393 505 metri.
600 476 665 505 21.
679 464 741 504 vlt.

90 516 497 564 Schoenus,ssoeotiae
506 531 596 570 opp.
613 531 740 572 1033.

91 583 117 612 e
145 574 288 613 Schola
325 575 477 614 erudita
498 603 508 622 ,
560 576 666 615 velut
692 588 742 615 ex

146 629 242 669 vrbe
281 629 510 677 foecunda,
558 632 669 672 multi
703 641 741 671 et

147 687 337 737 praeclari
373 689 604 727 emittuntur
640 689 741 726 colo-

145 744 199 782 ni.
571 745 662 796 536.
678 745 740 783 vlt.

88 798 276 844 suentes,
307 812 389 838 non
409 798 626 838 defiderant
644 800 740 839 mul-

144 863 180 892 ta
209 856 413 906 exempla3
450 853 513 893 sed
543 855 654 894 breui
684 869 741 896 re-

142 923 227 948 rum
265 912 503 950 indicatione
534 907 619 950 sunt
647 925 738 951 con·

143 967 256 1006 tenti.
283 970 377 1019 615.
403 969 440 1009 6.
482 964 642 1007 scientia
668 970 740 1006 vir-

140 1033 223 1061 tute
245 1022 444 1071 destituta,
478 1022 646 1062 vafrities
667 1024 732 1071 est,

141 1091 225 1121 non
244 1075 438 1130 sapientia.
541 1091 658 1132 1045.
675 1092 737 1121 12.

85 1133 363 1174 scionaeorum
380 1133 520 1173 clades.
561 1143 651 1189 845.
673 1148 735 1189 13.

84 1190 229 1237 scotus,
248 1191 434 1231 Boeotiae
454 1205 544 1243 opp.
598 1204 733 1245 103.3.

81 1245 264 1286 Scribere
310 1248 475 1296 primum
522 1244 735 1300 syllabatim

138 1299 328 1342 discimus.
354 1314 470 1353 1115.
495 1307 556 1347 16.
587 1304 635 1342 ad
651 1302 735 1343 scri·

139 1356 316 1398 bendum
357 1360 525 1410 applicat
560 1363 731 1400 animum

137 1415 205 1465 qui
241 1414 326 1454 foro
363 1417 495 1454 minus
528 1429 638 1468 aptus
667 1417 732 1456 est.

139 1481 230 1522 535.
261 1483 320 1512 12.
380 1470 545 1511 scribere
573 1473 737 1512 laborio-

135 1524 216 1565 sum
246 1524 324 1566 effe
350 1529 512 1580 negauit
532 1529 732 1581 Epicurus.

138 1589 229 1630 188.
255 1596 347 1635 pen.
417 1582 580 1625 scribere
616 1585 732 1632 bene,

133 1640 264 1677 multis
300 1652 521 1679 commune.
571 1654 664 1695 477.
691 1645 729 1684 6.

132 1692 349 1746 scriptionis
397 1697 559 1735 materia
605 1698 729 1749 qualis

130 1750 344 1807 deligenda
365 1750 555 1792 historico.
573 1758 666 1807 767.
687 1767 726 1807 7.

132 1808 281 1858 Scripta
319 1820 494 1847 veterum
522 1810 732 1862 diligenter

130 1863 434 1913 pet-uoluenda‚
482 1877 521 1902 et
560 1866 733 1915 petenda

130 1918 228 1958 inde
283 1920 509 1959 imitationis
554 1923 728 1962 materia.

127 1986 221 2028 415.
248 1987 281 2018 1.
307 1973 530 2027 scriptorum
551 1989 728 2017 veterum

131 2033 197 2080 qui
224 2043 317 2082 prae
345 2034 506 2070 caeteris
538 2034 728 2073 memoria

130 2088 267 2140 digni3
307 2088 411 2139 quod
432 2101 565 2128 eorum
586 2101 665 2128 tum
685 2091 726 2129 in

128 2145 223 2191 vita,
254 2155 334 2183 tum
355 2145 394 2183 in
416 2144 599 2194 dictione,
626 2145 726 2185 insti-

129 2208 287 2246 tutum3
328 2211 364 2239 et
394 2201 488 2252 quid
519 2203 559 2240 in
591 2215 725 2242 eorum

129 2267 368 2308 vnoquoque
385 2257 634 2306 imitandum,
660 2267 725 2297 aut

122 2310 336 2351 vitandum.
579 2327 672 2367 450.
687 2327 723 2367 3.

71 2365 316 2417 sculptorum
331 2367 547 2422 diligentia.
561 2381 677 2422 2091
691 2382 722 2410 t.

126 2419 360 2473 sculptorum
402 2427 538 2477 regula
588 2427 631 2465 in
670 2426 723 2465 di-

123 2477 358 2531 gnoscendis
397 2480 558 2520 Phidiae
596 2483 724 2534 operi.

124 2534 204 2573 bus.
522 2540 722 2590 644.pen·

69 2590 237 2643 Scythae
258 2621 267 2637 ,
302 2591 492 2630 crudeles.
530 2605 623 2643 401.
651 2597 716 2635 vlt.

33 2653 38 2658 “
123 2645 386 2698 Scythicarum
426 2660 557 2689 rerum
592 2663 720 2690 narra-

796 546 806 553 .
857 516 1070 556 muniatur.

743 125 979 165 RVM.

865 238 919 276 tio
949 237 1050 291 apud
1070 237 1330 280 Herodotum.
1364 251 1458 295 773.

1394 301 1456 339 16.

805 348 1020 397 Securitas,
1060 347 1125 389 seu
1153 361 1254 391 tutus
1275 353 1458 392 orationis

857 401 994 444 cursus.
1017 414 1156 459 3737.
1176 405 1386 449 securitatis
1399 411 1459 449 via

858 462 898 498 in
932 463 1110 501 oratione
1131 465 1328 514 quomodo
1350 478 1460 517 prae-

1286 533 1458 574 343.11.

802 572 1016 612 Seditionis
1047 572 1212 614 crudelis
1245 588 1284 615 et
1312 578 1458 629 impiae

857 628 1098 679 exemplum.
1315 636 1456 685 883-6.

798 684 957 724 Semele
980 684 1164 725 Cadmea.
1265 700 1353 743 154.
1366 702 1403 742 4.
1416 701 1457 743 9.

800 740 1072 781 Semideorum
1094 746 1322 792 procreatio.
1363 752 1456 793 822.

1394 811 1457 853 15.

797 850 1062 893 Semiuocales
1095 852 1242 895 literae.
1289 865 1356 907 72.
1391 868 1455 897 10.

852 905 1104 947 semiuocales
1165 911 1262 948 nulli
1322 924 1455 951 mutae

854 966 1044 1015 praeponi
1064 962 1231 1015 poffunt.
1276 979 1365 1020 159.
1390 980 1454 1011 11.

850 1019 1138 1060 Iemiuocaliutn
1181 1035 1368 1062 numerus
1413 1034 1455 1064 et

853 1074 1088 1115 differentia.
1333 1086 1401 1131 78.
1415 1091 1453 1120 2.

796 1133 1013 1173 Seneftutis
1040 1133 1274 1184 appellatio,
1312 1136 1454 1187 incipit

813 1218 816 1222 .
850 1189 896 1227 ab
915 1202 1020 1227 anno
1031 1190 1160 1227 aetatis
1172 1203 1261 1228 Lxx.
1274 1194 1450 1244 63846.

794 1245 1022 1285 Senioribus
1043 1246 1326 1295 contradicere,
1357 1251 1451 1288 olim

849 1302 992 1354 religio
1013 1311 1104 1341 erat.
1311 1316 1400 1356 550.
1413 1317 1451 1346 2.

793 1357 971 1398 Senlibus
1012 1354 1200 1408 quaedam
1228 1362 1453 1411 percipiun-

847 1424 906 1452 tur
936 1413 1230 1461 tantummodO,
1270 1416 1453 1456 oratione

848 1471 1014 1521 exprimi
1026 1483 1107 1509 non
1119 1467 1286 1521 possunt.
1306 1484 1397 1524 474.
1411 1485 1448 1525 5.

846 1523 974 1565 sensus
998 1540 1081 1566 non
1110 1539 1245 1566 omnes
1271 1526 1450 1568 {imiliter

846 1582 1065 1622 afficiuntur
1090 1595 1110 1622 a
1128 1582 1364 1634 quibuslibet
1381 1584 1451 1623 ob-

846 1639 963 1687 ienis,
985 1637 1046 1678 seu
1063 1639 1325 1678 mouentibus.
1341 1642 1448 1684 66.1.

840 1691 1019 1734 sensuum
1040 1695 1267 1734 exercitatio
1285 1695 1330 1734 ad
1351 1692 1451 1735 diiii·

848 1750 1031 1790 diCandas
1049 1749 1274 1790 affectiones
1292 1754 1447 1792 ratione

847 1818 1036 1847 carentes.
1066 1808 1160 1859 476.
1193 1819 1226 1848 1.
1277 1805 1445 1848 senfibus

846 1865 1005 1903 rationis
1044 1862 1268 1914 expertibus
1304 1864 1446 1903 diiudi-

849 1930 986 1958 cantur
1012 1920 1141 1958 omnia
1159 1929 1198 1958 et
1216 1920 1386 1960 iucunda
1404 1931 1445 1961 et

840 1974 1010 2015 molesta.
1034 1988 1108 2027 103
1120 1987 1149 2016 1.
1167 1987 1228 2028 14.
1250 1973 1376 2016 sensus
1389 1991 1444 2017 ra·

841 2032 958 2070 tionis
980 2043 1128 2083 expers,
1161 2032 1331 2083 optimus
1351 2044 1443 2072 con-

839 2089 981 2127 cinnae
1006 2086 1284 2127 modulationis
1309 2089 1440 2130 iudex.

842 2152 1007 2191 1103.1.
1030 2141 1200 2183 sensibus
1221 2145 1442 2185 auditorum

841 2199 1080 2252 patefacere,
1113 2197 1179 2238 seu
1200 2213 1439 2252 proponere,

843 2269 899 2305 ea,
922 2269 1023 2308 quae
1043 2256 1236 2295 dicuntur.
1257 2261 1349 2309 465.
1371 2259 1438 2297 vlt.

838 2320 932 2366 482.
950 2325 986 2365 ς.
1005 2309 1131 2352 sensus
1145 2313 1342 2351 oculorum
1358 2315 1440 2352 eui-

838 2368 1088 2408 dentillimus.
1268 2371 1438 2418 268.12.

784 2425 1076 2466 Sententiarum
1101 2436 1138 2464 et
1158 2423 1363 2463 verborum
1384 2426 1438 2466 af-

838 2481 972 2520 finitas.
1006 2493 1065 2522 11.
1099 2482 1163 2519 vlt.
1217 2479 1437 2521 sententiae

837 2535 910 2576 suis
930 2549 1108 2589 quaeque
1128 2536 1250 2575 verbis
1269 2535 1437 2576 efferen-

841 2594 934 2639 dae,
966 2605 1003 2631 vt
1024 2591 1096 2631 suis
1118 2594 1258 2644 cuique
1280 2595 1436 2644 corpori

836 2649 990 2689 vestitus
1010 2649 1210 2688 conuenit.
1258 2645 1373 2696 1008‘.
1400 2661 1433 2690 1.

1280 2701 1433 2744 senten-
