<?xml version="1.0" encoding="UTF-8"?>
<!DOCTYPE html PUBLIC "-//W3C//DTD XHTML 1.0 Transitional//EN"
    "http://www.w3.org/TR/xhtml1/DTD/xhtml1-transitional.dtd">
<html xmlns="http://www.w3.org/1999/xhtml" xml:lang="en" lang="en">
 <head>
  <title>
</title>
<meta http-equiv="Content-Type" content="text/html;charset=utf-8" />
  <meta name='ocr-system' content='tesseract 3.04.00' />
  <meta name='ocr-capabilities' content='ocr_page ocr_carea ocr_par ocr_line ocrx_word'/>
</head>
<body>
  <div class='ocr_page' id='page_1' title='image "./operaomniagraece06dionuoft/operaomniagraece06dionuoft_0798.png"; bbox 0 0 1751 3154; ppageno 0'>
   <div class='ocr_carea' id='block_1_1' title="bbox 783 117 1167 158">
    <p class='ocr_par' dir='ltr' id='par_1_1' title="bbox 783 117 1167 158">
     <span class='ocr_line' id='line_1_1' title="bbox 783 117 1167 158; baseline 0 0"><span class='ocrx_word' id='word_1_1' title='bbox 783 117 1167 158; x_wconf 83' lang='lat' dir='ltr'><strong>INDEX</strong></span> 
     </span>
    </p>
   </div>
   <div class='ocr_carea' id='block_1_2' title="bbox 299 227 949 396">
    <p class='ocr_par' dir='ltr' id='par_1_2' title="bbox 299 227 949 396">
     <span class='ocr_line' id='line_1_2' title="bbox 354 227 946 285; baseline -0.002 -14"><span class='ocrx_word' id='word_1_2' title='bbox 354 238 377 282; x_wconf 79' lang='lat'>8</span> <span class='ocrx_word' id='word_1_3' title='bbox 387 241 522 285; x_wconf 88' lang='lat'><strong>17.10.</strong></span> <span class='ocrx_word' id='word_1_4' title='bbox 541 229 676 270; x_wconf 86' lang='lat' dir='ltr'>artium</span> <span class='ocrx_word' id='word_1_5' title='bbox 686 227 946 277; x_wconf 51' lang='lat' dir='ltr'>uqzvffqusduo:</span> 
     </span>
     <span class='ocr_line' id='line_1_3' title="bbox 299 284 949 334; baseline -0.003 -9"><span class='ocrx_word' id='word_1_6' title='bbox 299 323 301 325; x_wconf 87' lang='lat'><strong>.</strong></span> <span class='ocrx_word' id='word_1_7' title='bbox 353 289 516 328; x_wconf 87' lang='lat' dir='ltr'>alterum</span> <span class='ocrx_word' id='word_1_8' title='bbox 537 287 677 334; x_wconf 67' lang='grc' dir='ltr'>λογικόν,</span> <span class='ocrx_word' id='word_1_9' title='bbox 700 286 859 325; x_wconf 88' lang='lat' dir='ltr'>alterum</span> <span class='ocrx_word' id='word_1_10' title='bbox 875 284 949 324; x_wconf 64' lang='grc' dir='ltr'><em>ἐέλσ-</em></span> 
     </span>
     <span class='ocr_line' id='line_1_4' title="bbox 352 343 949 396; baseline -0.002 -15"><span class='ocrx_word' id='word_1_11' title='bbox 352 360 421 390; x_wconf 66' lang='grc' dir='ltr'><em>νγον.</em></span> <span class='ocrx_word' id='word_1_12' title='bbox 446 350 538 392; x_wconf 73' lang='lat'><strong>881.</strong></span> <span class='ocrx_word' id='word_1_13' title='bbox 561 354 623 396; x_wconf 83' lang='lat'><strong>14.</strong></span> <span class='ocrx_word' id='word_1_14' title='bbox 655 352 774 381; x_wconf 87' lang='lat' dir='ltr'>artem</span> <span class='ocrx_word' id='word_1_15' title='bbox 794 343 861 381; x_wconf 81' lang='lat' dir='ltr'>arti</span> <span class='ocrx_word' id='word_1_16' title='bbox 882 354 949 392; x_wconf 89' lang='lat' dir='ltr'>op-</span> 
     </span>
    </p>
   </div>
   <div class='ocr_carea' id='block_1_3' title="bbox 297 409 949 561">
    <p class='ocr_par' dir='ltr' id='par_1_3' title="bbox 297 409 949 561">
     <span class='ocr_line' id='line_1_5' title="bbox 353 409 948 451; baseline -0.002 -14"><span class='ocrx_word' id='word_1_17' title='bbox 353 410 515 450; x_wconf 86' lang='lat' dir='ltr'><strong>ponere.</strong></span> <span class='ocrx_word' id='word_1_18' title='bbox 773 410 866 451; x_wconf 80' lang='lat'><strong>331.</strong></span> <span class='ocrx_word' id='word_1_19' title='bbox 886 409 948 449; x_wconf 84' lang='lat'><strong>14.</strong></span> 
     </span>
     <span class='ocr_line' id='line_1_6' title="bbox 297 453 949 506; baseline -0.006 -10"><span class='ocrx_word' id='word_1_20' title='bbox 297 455 522 497; x_wconf 80' lang='lat' dir='ltr'>Attamenis</span> <span class='ocrx_word' id='word_1_21' title='bbox 541 453 710 493; x_wconf 86' lang='lat' dir='ltr'>elocutio</span> <span class='ocrx_word' id='word_1_22' title='bbox 722 455 949 506; x_wconf 84' lang='lat' dir='ltr'>qualis.645.</span> 
     </span>
     <span class='ocr_line' id='line_1_7' title="bbox 859 522 949 561; baseline 0 -15"><span class='ocrx_word' id='word_1_23' title='bbox 859 522 949 561; x_wconf 82' lang='lat' dir='ltr'>pen.</span> 
     </span>
    </p>
   </div>
   <div class='ocr_carea' id='block_1_4' title="bbox 301 563 951 675">
    <p class='ocr_par' dir='ltr' id='par_1_4' title="bbox 301 563 951 675">
     <span class='ocr_line' id='line_1_8' title="bbox 301 563 951 618; baseline -0.009 -9"><span class='ocrx_word' id='word_1_24' title='bbox 301 567 584 618; x_wconf 51' lang='lat' dir='ltr'>Artaphernem,</span> <span class='ocrx_word' id='word_1_25' title='bbox 602 563 800 606; x_wconf 82' lang='lat' dir='ltr'>Persarum</span> <span class='ocrx_word' id='word_1_26' title='bbox 820 576 951 604; x_wconf 88' lang='lat' dir='ltr'>contra</span> 
     </span>
     <span class='ocr_line' id='line_1_9' title="bbox 357 622 951 675; baseline -0.008 -12"><span class='ocrx_word' id='word_1_27' title='bbox 357 625 524 663; x_wconf 84' lang='lat' dir='ltr'>Graecos</span> <span class='ocrx_word' id='word_1_28' title='bbox 544 622 635 661; x_wconf 83' lang='lat' dir='ltr'>dux.</span> <span class='ocrx_word' id='word_1_29' title='bbox 730 628 848 675; x_wconf 74' lang='lat'><strong>1085.</strong></span> <span class='ocrx_word' id='word_1_30' title='bbox 862 634 951 672; x_wconf 90' lang='lat' dir='ltr'>pen.</span> 
     </span>
    </p>
   </div>
   <div class='ocr_carea' id='block_1_5' title="bbox 1057 227 1664 675">
    <p class='ocr_par' dir='ltr' id='par_1_5' title="bbox 1057 227 1664 675">
     <span class='ocr_line' id='line_1_10' title="bbox 1061 227 1660 270; baseline 0.003 -2"><span class='ocrx_word' id='word_1_31' title='bbox 1061 241 1146 269; x_wconf 85' lang='lat' dir='ltr'>rum</span> <span class='ocrx_word' id='word_1_32' title='bbox 1163 227 1320 269; x_wconf 85' lang='lat' dir='ltr'>moenia</span> <span class='ocrx_word' id='word_1_33' title='bbox 1338 227 1546 270; x_wconf 85' lang='lat' dir='ltr'>diruuntur</span> <span class='ocrx_word' id='word_1_34' title='bbox 1562 242 1584 269; x_wconf 84' lang='lat' dir='ltr'>a</span> <span class='ocrx_word' id='word_1_35' title='bbox 1596 231 1660 270; x_wconf 80' lang='lat' dir='ltr'>La-</span> 
     </span>
     <span class='ocr_line' id='line_1_11' title="bbox 1057 283 1662 340; baseline 0.003 -17"><span class='ocrx_word' id='word_1_36' title='bbox 1057 285 1332 325; x_wconf 85' lang='lat' dir='ltr'>cedaemoniis.</span> <span class='ocrx_word' id='word_1_37' title='bbox 1350 293 1446 340; x_wconf 86' lang='lat'>778.</span> <span class='ocrx_word' id='word_1_38' title='bbox 1465 289 1503 330; x_wconf 91' lang='lat'>6.</span> <span class='ocrx_word' id='word_1_39' title='bbox 1536 283 1662 327; x_wconf 89' lang='lat' dir='ltr'>Athe-</span> 
     </span>
     <span class='ocr_line' id='line_1_12' title="bbox 1059 340 1663 393; baseline 0 -13"><span class='ocrx_word' id='word_1_40' title='bbox 1059 341 1120 381; x_wconf 85' lang='lat' dir='ltr'>nis</span> <span class='ocrx_word' id='word_1_41' title='bbox 1151 340 1380 391; x_wconf 68' lang='lat' dir='ltr'>praesidium</span> <span class='ocrx_word' id='word_1_42' title='bbox 1406 340 1565 393; x_wconf 89' lang='lat' dir='ltr'>quando</span> <span class='ocrx_word' id='word_1_43' title='bbox 1590 341 1663 380; x_wconf 88' lang='lat' dir='ltr'>im·</span> 
     </span>
     <span class='ocr_line' id='line_1_13' title="bbox 1057 396 1663 450; baseline 0.005 -15"><span class='ocrx_word' id='word_1_44' title='bbox 1057 396 1218 449; x_wconf 76' lang='lat' dir='ltr'>positum</span> <span class='ocrx_word' id='word_1_45' title='bbox 1232 426 1241 444; x_wconf 93' lang='lat'><em>,</em></span> <span class='ocrx_word' id='word_1_46' title='bbox 1277 408 1319 443; x_wconf 62' lang='lat' dir='ltr'>et,</span> <span class='ocrx_word' id='word_1_47' title='bbox 1340 399 1476 450; x_wconf 84' lang='lat' dir='ltr'>populi</span> <span class='ocrx_word' id='word_1_48' title='bbox 1496 396 1663 450; x_wconf 81' lang='lat' dir='ltr'>potestas</span> 
     </span>
     <span class='ocr_line' id='line_1_14' title="bbox 1062 449 1664 506; baseline 0.003 -16"><span class='ocrx_word' id='word_1_49' title='bbox 1062 449 1257 492; x_wconf 84' lang='lat' dir='ltr'>conuulsa.</span> <span class='ocrx_word' id='word_1_50' title='bbox 1284 456 1378 506; x_wconf 82' lang='lat'><strong>650.</strong></span> <span class='ocrx_word' id='word_1_51' title='bbox 1400 465 1433 495; x_wconf 90' lang='lat'><strong>1.</strong></span> <span class='ocrx_word' id='word_1_52' title='bbox 1477 453 1664 493; x_wconf 85' lang='lat' dir='ltr'><strong>Athenae</strong></span> 
     </span>
     <span class='ocr_line' id='line_1_15' title="bbox 1062 507 1664 561; baseline 0.002 -14"><span class='ocrx_word' id='word_1_53' title='bbox 1062 507 1312 561; x_wconf 78' lang='lat' dir='ltr'>Phylensium</span> <span class='ocrx_word' id='word_1_54' title='bbox 1330 519 1610 560; x_wconf 84' lang='lat' dir='ltr'>recuperarunt</span> <span class='ocrx_word' id='word_1_55' title='bbox 1620 509 1664 548; x_wconf 84' lang='lat' dir='ltr'>li-</span> 
     </span>
     <span class='ocr_line' id='line_1_16' title="bbox 1062 563 1663 618; baseline 0.005 -16"><span class='ocrx_word' id='word_1_56' title='bbox 1062 563 1255 603; x_wconf 85' lang='lat' dir='ltr'>bertatem</span> <span class='ocrx_word' id='word_1_57' title='bbox 1331 564 1663 618; x_wconf 85' lang='lat' dir='ltr'>Peloponnefiaca</span> 
     </span>
     <span class='ocr_line' id='line_1_17' title="bbox 1065 617 1664 675; baseline 0.003 -17"><span class='ocrx_word' id='word_1_58' title='bbox 1065 620 1175 660; x_wconf 87' lang='lat' dir='ltr'>clade</span> <span class='ocrx_word' id='word_1_59' title='bbox 1195 617 1375 660; x_wconf 85' lang='lat' dir='ltr'>amissam.</span> <span class='ocrx_word' id='word_1_60' title='bbox 1517 632 1664 675; x_wconf 88' lang='lat'><strong>771.9.</strong></span> 
     </span>
    </p>
   </div>
   <div class='ocr_carea' id='block_1_6' title="bbox 299 675 1665 731">
    <p class='ocr_par' dir='ltr' id='par_1_6' title="bbox 299 675 1665 731">
     <span class='ocr_line' id='line_1_18' title="bbox 299 675 1665 731; baseline -0.003 -11"><span class='ocrx_word' id='word_1_61' title='bbox 299 676 577 721; x_wconf 84' lang='lat' dir='ltr'>Artemifiense</span> <span class='ocrx_word' id='word_1_62' title='bbox 594 678 800 731; x_wconf 88' lang='lat' dir='ltr'>proelium.</span> <span class='ocrx_word' id='word_1_63' title='bbox 834 689 952 730; x_wconf 82' lang='lat'><strong>1055.</strong></span> <span class='ocrx_word' id='word_1_64' title='bbox 1010 675 1268 718; x_wconf 84' lang='lat' dir='ltr'><strong>Athenienses</strong></span> <span class='ocrx_word' id='word_1_65' title='bbox 1294 687 1334 715; x_wconf 89' lang='lat' dir='ltr'>et</span> <span class='ocrx_word' id='word_1_66' title='bbox 1364 676 1504 716; x_wconf 81' lang='lat' dir='ltr'>caeteri</span> <span class='ocrx_word' id='word_1_67' title='bbox 1524 678 1665 717; x_wconf 80' lang='lat' dir='ltr'>Graeci</span> 
     </span>
    </p>
   </div>
   <div class='ocr_carea' id='block_1_7' title="bbox 299 745 958 2611">
    <p class='ocr_par' dir='ltr' id='par_1_7' title="bbox 891 745 953 785">
     <span class='ocr_line' id='line_1_19' title="bbox 891 745 953 785; baseline -0.048 -11"><span class='ocrx_word' id='word_1_68' title='bbox 891 745 953 785; x_wconf 89' lang='lat'><strong>13.</strong></span> 
     </span>
    </p>

    <p class='ocr_par' dir='ltr' id='par_1_8' title="bbox 300 788 955 1176">
     <span class='ocr_line' id='line_1_20' title="bbox 300 788 955 840; baseline -0.005 -10"><span class='ocrx_word' id='word_1_69' title='bbox 300 789 466 833; x_wconf 82' lang='lat' dir='ltr'>Articuli</span> <span class='ocrx_word' id='word_1_70' title='bbox 489 789 554 840; x_wconf 90' lang='lat' dir='ltr'>qui</span> <span class='ocrx_word' id='word_1_71' title='bbox 574 788 800 828; x_wconf 85' lang='lat' dir='ltr'>nominibus</span> <span class='ocrx_word' id='word_1_72' title='bbox 820 799 955 840; x_wconf 83' lang='lat' dir='ltr'>etpar·</span> 
     </span>
     <span class='ocr_line' id='line_1_21' title="bbox 355 845 954 897; baseline 0 -12"><span class='ocrx_word' id='word_1_73' title='bbox 355 846 497 896; x_wconf 84' lang='lat' dir='ltr'>ticipiis</span> <span class='ocrx_word' id='word_1_74' title='bbox 519 845 795 897; x_wconf 77' lang='lat' dir='ltr'>adiunguntur.</span> <span class='ocrx_word' id='word_1_75' title='bbox 815 850 954 891; x_wconf 76' lang='lat' dir='ltr'><strong>Sco-1.</strong></span> 
     </span>
     <span class='ocr_line' id='line_1_22' title="bbox 357 901 954 941; baseline -0.007 0"><span class='ocrx_word' id='word_1_76' title='bbox 357 901 536 941; x_wconf 84' lang='lat' dir='ltr'>articulos</span> <span class='ocrx_word' id='word_1_77' title='bbox 566 914 586 939; x_wconf 92' lang='lat' dir='ltr'>a</span> <span class='ocrx_word' id='word_1_78' title='bbox 614 901 954 938; x_wconf 62' lang='lat' dir='ltr'>coniunetiouibus</span> 
     </span>
     <span class='ocr_line' id='line_1_23' title="bbox 357 954 955 1008; baseline -0.005 -12"><span class='ocrx_word' id='word_1_79' title='bbox 357 954 586 1008; x_wconf 84' lang='lat' dir='ltr'>separarunt</span> <span class='ocrx_word' id='word_1_80' title='bbox 604 956 733 995; x_wconf 87' lang='lat' dir='ltr'>Stoici.</span> <span class='ocrx_word' id='word_1_81' title='bbox 754 961 787 1002; x_wconf 78' lang='lat'><strong>8.</strong></span> <span class='ocrx_word' id='word_1_82' title='bbox 808 965 844 1007; x_wconf 88' lang='lat'>7.</span> <span class='ocrx_word' id='word_1_83' title='bbox 869 956 955 993; x_wconf 86' lang='lat' dir='ltr'>arti-</span> 
     </span>
     <span class='ocr_line' id='line_1_24' title="bbox 358 1011 955 1063; baseline -0.002 -13"><span class='ocrx_word' id='word_1_84' title='bbox 358 1013 454 1050; x_wconf 85' lang='lat' dir='ltr'>culis</span> <span class='ocrx_word' id='word_1_85' title='bbox 473 1012 621 1063; x_wconf 85' lang='lat' dir='ltr'>parcius</span> <span class='ocrx_word' id='word_1_86' title='bbox 642 1021 682 1049; x_wconf 89' lang='lat' dir='ltr'>et</span> <span class='ocrx_word' id='word_1_87' title='bbox 700 1011 820 1049; x_wconf 86' lang='lat' dir='ltr'>rarius</span> <span class='ocrx_word' id='word_1_88' title='bbox 838 1011 955 1049; x_wconf 90' lang='lat' dir='ltr'>vtitur</span> 
     </span>
     <span class='ocr_line' id='line_1_25' title="bbox 358 1065 955 1118; baseline -0.003 -11"><span class='ocrx_word' id='word_1_89' title='bbox 358 1066 507 1107; x_wconf 83' lang='lat' dir='ltr'>austera</span> <span class='ocrx_word' id='word_1_90' title='bbox 533 1065 768 1117; x_wconf 75' lang='lat' dir='ltr'>compofitio.</span> <span class='ocrx_word' id='word_1_91' title='bbox 798 1077 888 1118; x_wconf 84' lang='lat'><strong>150.</strong></span> <span class='ocrx_word' id='word_1_92' title='bbox 914 1079 955 1107; x_wconf 85' lang='lat'><strong>2.</strong></span> 
     </span>
     <span class='ocr_line' id='line_1_26' title="bbox 361 1121 955 1176; baseline -0.008 -12"><span class='ocrx_word' id='word_1_93' title='bbox 361 1135 481 1176; x_wconf 84' lang='lat'><strong>1073.</strong></span> <span class='ocrx_word' id='word_1_94' title='bbox 502 1135 542 1175; x_wconf 85' lang='lat'><strong>4.</strong></span> <span class='ocrx_word' id='word_1_95' title='bbox 593 1122 772 1161; x_wconf 78' lang='lat' dir='ltr'>articulus</span> <span class='ocrx_word' id='word_1_96' title='bbox 792 1121 955 1161; x_wconf 88' lang='lat' dir='ltr'>demon-</span> 
     </span>
    </p>

    <p class='ocr_par' dir='ltr' id='par_1_9' title="bbox 299 1178 956 1398">
     <span class='ocr_line' id='line_1_27' title="bbox 299 1178 954 1231; baseline -0.003 -13"><span class='ocrx_word' id='word_1_97' title='bbox 299 1210 301 1214; x_wconf 94' lang='lat'><strong>.</strong></span> <span class='ocrx_word' id='word_1_98' title='bbox 358 1178 549 1218; x_wconf 82' lang='lat' dir='ltr'>stratiuus.</span> <span class='ocrx_word' id='word_1_99' title='bbox 809 1183 902 1231; x_wconf 81' lang='lat'><strong>908.</strong></span> <span class='ocrx_word' id='word_1_100' title='bbox 916 1190 954 1218; x_wconf 87' lang='lat'><strong>2.</strong></span> 
     </span>
     <span class='ocr_line' id='line_1_28' title="bbox 305 1231 956 1286; baseline -0.005 -12"><span class='ocrx_word' id='word_1_101' title='bbox 305 1234 505 1279; x_wconf 83' lang='lat' dir='ltr'>Artificum</span> <span class='ocrx_word' id='word_1_102' title='bbox 536 1243 578 1274; x_wconf 90' lang='lat' dir='ltr'>et</span> <span class='ocrx_word' id='word_1_103' title='bbox 603 1231 786 1286; x_wconf 85' lang='lat' dir='ltr'>opificum</span> <span class='ocrx_word' id='word_1_104' title='bbox 807 1231 956 1272; x_wconf 77' lang='lat' dir='ltr'>curiofi-</span> 
     </span>
     <span class='ocr_line' id='line_1_29' title="bbox 357 1289 955 1342; baseline -0.007 -11"><span class='ocrx_word' id='word_1_105' title='bbox 357 1301 423 1331; x_wconf 83' lang='lat' dir='ltr'>tas.</span> <span class='ocrx_word' id='word_1_106' title='bbox 457 1302 574 1342; x_wconf 86' lang='lat'>1¹14·</span> <span class='ocrx_word' id='word_1_107' title='bbox 593 1303 629 1342; x_wconf 89' lang='lat'>3.</span> <span class='ocrx_word' id='word_1_108' title='bbox 674 1289 877 1329; x_wconf 80' lang='lat' dir='ltr'>artificium</span> <span class='ocrx_word' id='word_1_109' title='bbox 896 1301 955 1328; x_wconf 92' lang='lat' dir='ltr'>oc-</span> 
     </span>
     <span class='ocr_line' id='line_1_30' title="bbox 362 1344 955 1398; baseline -0.002 -13"><span class='ocrx_word' id='word_1_110' title='bbox 362 1348 519 1385; x_wconf 88' lang='lat' dir='ltr'>cultum.</span> <span class='ocrx_word' id='word_1_111' title='bbox 543 1349 637 1398; x_wconf 81' lang='lat'><strong>468.</strong></span> <span class='ocrx_word' id='word_1_112' title='bbox 660 1347 724 1386; x_wconf 90' lang='lat' dir='ltr'>vlt.</span> <span class='ocrx_word' id='word_1_113' title='bbox 751 1344 955 1385; x_wconf 84' lang='lat' dir='ltr'>artificium</span> 
     </span>
    </p>

    <p class='ocr_par' dir='ltr' id='par_1_10' title="bbox 304 1401 957 1966">
     <span class='ocr_line' id='line_1_31' title="bbox 311 1401 953 1449; baseline -0.003 -8"><span class='ocrx_word' id='word_1_114' title='bbox 311 1444 315 1448; x_wconf 68' lang='grc'><em>,</em></span> <span class='ocrx_word' id='word_1_115' title='bbox 358 1403 585 1449; x_wconf 85' lang='lat' dir='ltr'>maximum,</span> <span class='ocrx_word' id='word_1_116' title='bbox 609 1412 781 1441; x_wconf 87' lang='lat' dir='ltr'>naturam</span> <span class='ocrx_word' id='word_1_117' title='bbox 800 1401 953 1440; x_wconf 86' lang='lat' dir='ltr'>imitari.</span> 
     </span>
     <span class='ocr_line' id='line_1_32' title="bbox 355 1455 956 1511; baseline -0.002 -14"><span class='ocrx_word' id='word_1_118' title='bbox 355 1462 450 1511; x_wconf 80' lang='lat'><strong>615.</strong></span> <span class='ocrx_word' id='word_1_119' title='bbox 472 1469 562 1509; x_wconf 85' lang='lat' dir='ltr'>pen.</span> <span class='ocrx_word' id='word_1_120' title='bbox 601 1455 797 1497; x_wconf 82' lang='lat' dir='ltr'>artificiosa</span> <span class='ocrx_word' id='word_1_121' title='bbox 817 1459 956 1496; x_wconf 84' lang='lat' dir='ltr'>oratio-</span> 
     </span>
     <span class='ocr_line' id='line_1_33' title="bbox 362 1512 957 1553; baseline -0.003 0"><span class='ocrx_word' id='word_1_122' title='bbox 362 1527 460 1553; x_wconf 85' lang='lat' dir='ltr'>num</span> <span class='ocrx_word' id='word_1_123' title='bbox 479 1512 792 1553; x_wconf 79' lang='lat' dir='ltr'>machinamenta</span> <span class='ocrx_word' id='word_1_124' title='bbox 812 1516 957 1552; x_wconf 87' lang='lat' dir='ltr'>Home-</span> 
     </span>
     <span class='ocr_line' id='line_1_34' title="bbox 360 1565 957 1622; baseline -0.003 -14"><span class='ocrx_word' id='word_1_125' title='bbox 360 1582 425 1608; x_wconf 89' lang='lat' dir='ltr'>rus</span> <span class='ocrx_word' id='word_1_126' title='bbox 459 1569 501 1608; x_wconf 90' lang='lat' dir='ltr'>in</span> <span class='ocrx_word' id='word_1_127' title='bbox 529 1566 838 1622; x_wconf 76' lang='lat' dir='ltr'>responsionibus</span> <span class='ocrx_word' id='word_1_128' title='bbox 862 1565 957 1608; x_wconf 89' lang='lat' dir='ltr'>solet</span> 
     </span>
     <span class='ocr_line' id='line_1_35' title="bbox 357 1626 951 1678; baseline -0.005 -13"><span class='ocrx_word' id='word_1_129' title='bbox 357 1626 557 1678; x_wconf 84' lang='lat' dir='ltr'>detegere.</span> <span class='ocrx_word' id='word_1_130' title='bbox 781 1637 872 1677; x_wconf 86' lang='lat'><strong>303.</strong></span> <span class='ocrx_word' id='word_1_131' title='bbox 888 1635 951 1676; x_wconf 86' lang='lat'>13.</span> 
     </span>
     <span class='ocr_line' id='line_1_36' title="bbox 304 1679 955 1732; baseline -0.006 -10"><span class='ocrx_word' id='word_1_132' title='bbox 304 1679 492 1723; x_wconf 87' lang='lat' dir='ltr'>Aseraeus</span> <span class='ocrx_word' id='word_1_133' title='bbox 518 1679 664 1732; x_wconf 83' lang='lat' dir='ltr'>pastor,</span> <span class='ocrx_word' id='word_1_134' title='bbox 705 1679 955 1732; x_wconf 80' lang='lat' dir='ltr'>(Hefiodus)</span> 
     </span>
     <span class='ocr_line' id='line_1_37' title="bbox 359 1735 957 1789; baseline -0.002 -14"><span class='ocrx_word' id='word_1_135' title='bbox 359 1735 492 1789; x_wconf 67' lang='lat' dir='ltr'>poesin</span> <span class='ocrx_word' id='word_1_136' title='bbox 522 1750 545 1776; x_wconf 86' lang='lat' dir='ltr'>a</span> <span class='ocrx_word' id='word_1_137' title='bbox 563 1735 683 1775; x_wconf 86' lang='lat' dir='ltr'>Mufis</span> <span class='ocrx_word' id='word_1_138' title='bbox 698 1736 741 1775; x_wconf 88' lang='lat' dir='ltr'>in</span> <span class='ocrx_word' id='word_1_139' title='bbox 757 1737 957 1777; x_wconf 82' lang='lat' dir='ltr'>Helicone</span> 
     </span>
     <span class='ocr_line' id='line_1_38' title="bbox 360 1792 957 1844; baseline 0 -13"><span class='ocrx_word' id='word_1_140' title='bbox 360 1792 522 1844; x_wconf 86' lang='lat' dir='ltr'>accepit.</span> <span class='ocrx_word' id='word_1_141' title='bbox 804 1804 898 1843; x_wconf 87' lang='lat'><em>227.</em></span> <span class='ocrx_word' id='word_1_142' title='bbox 921 1802 957 1833; x_wconf 90' lang='lat'><strong>1.</strong></span> 
     </span>
     <span class='ocr_line' id='line_1_39' title="bbox 305 1846 956 1899; baseline -0.008 -10"><span class='ocrx_word' id='word_1_143' title='bbox 305 1847 447 1890; x_wconf 71' lang='lat' dir='ltr'>Asiana</span> <span class='ocrx_word' id='word_1_144' title='bbox 472 1846 662 1887; x_wconf 87' lang='lat' dir='ltr'>rhetorica</span> <span class='ocrx_word' id='word_1_145' title='bbox 680 1846 836 1897; x_wconf 86' lang='lat' dir='ltr'>perstrin</span> <span class='ocrx_word' id='word_1_146' title='bbox 843 1848 956 1899; x_wconf 82' lang='lat' dir='ltr'>gitur.</span> 
     </span>
     <span class='ocr_line' id='line_1_40' title="bbox 637 1910 955 1966; baseline 0.003 -26"><span class='ocrx_word' id='word_1_147' title='bbox 637 1915 730 1966; x_wconf 85' lang='lat'><strong>447.</strong></span> <span class='ocrx_word' id='word_1_148' title='bbox 746 1915 784 1965; x_wconf 36' lang='lat'><strong>2..</strong></span> <span class='ocrx_word' id='word_1_149' title='bbox 810 1910 955 1955; x_wconf 81' lang='lat'><strong>448.5.</strong></span> 
     </span>
    </p>

    <p class='ocr_par' dir='ltr' id='par_1_11' title="bbox 305 1956 958 2611">
     <span class='ocr_line' id='line_1_41' title="bbox 308 1956 954 2011; baseline -0.002 -12"><span class='ocrx_word' id='word_1_150' title='bbox 308 1956 498 2011; x_wconf 85' lang='lat' dir='ltr'>Asperitas</span> <span class='ocrx_word' id='word_1_151' title='bbox 511 1963 809 2010; x_wconf 75' lang='lat' dir='ltr'>compoimonis.</span> <span class='ocrx_word' id='word_1_152' title='bbox 823 1966 954 2011; x_wconf 67' lang='lat'><strong>8701.</strong></span> 
     </span>
     <span class='ocr_line' id='line_1_42' title="bbox 362 2014 956 2067; baseline -0.003 -13"><span class='ocrx_word' id='word_1_153' title='bbox 362 2014 532 2067; x_wconf 85' lang='lat' dir='ltr'>asperior</span> <span class='ocrx_word' id='word_1_154' title='bbox 568 2016 768 2054; x_wconf 88' lang='lat' dir='ltr'>literarum</span> <span class='ocrx_word' id='word_1_155' title='bbox 798 2026 956 2053; x_wconf 87' lang='lat' dir='ltr'>concur-</span> 
     </span>
     <span class='ocr_line' id='line_1_43' title="bbox 360 2068 958 2122; baseline -0.002 -12"><span class='ocrx_word' id='word_1_156' title='bbox 360 2068 419 2110; x_wconf 89' lang='lat' dir='ltr'>sus</span> <span class='ocrx_word' id='word_1_157' title='bbox 440 2071 578 2110; x_wconf 89' lang='lat' dir='ltr'>vitatur</span> <span class='ocrx_word' id='word_1_158' title='bbox 598 2071 639 2109; x_wconf 91' lang='lat' dir='ltr'>in</span> <span class='ocrx_word' id='word_1_159' title='bbox 661 2072 781 2121; x_wconf 86' lang='lat' dir='ltr'>polito</span> <span class='ocrx_word' id='word_1_160' title='bbox 801 2082 958 2122; x_wconf 88' lang='lat' dir='ltr'>compo·</span> 
     </span>
     <span class='ocr_line' id='line_1_44' title="bbox 360 2125 955 2179; baseline -0.003 -14"><span class='ocrx_word' id='word_1_161' title='bbox 360 2125 507 2166; x_wconf 76' lang='lat' dir='ltr'>sitlonis</span> <span class='ocrx_word' id='word_1_162' title='bbox 528 2139 688 2179; x_wconf 81' lang='lat' dir='ltr'>genere.</span> <span class='ocrx_word' id='word_1_163' title='bbox 757 2128 874 2179; x_wconf 90' lang='lat'>1076.</span> <span class='ocrx_word' id='word_1_164' title='bbox 895 2138 955 2167; x_wconf 89' lang='lat'><strong>10.</strong></span> 
     </span>
     <span class='ocr_line' id='line_1_45' title="bbox 305 2179 954 2234; baseline 0.002 -15"><span class='ocrx_word' id='word_1_165' title='bbox 305 2179 503 2233; x_wconf 64' lang='lat' dir='ltr'>Aspiratae</span> <span class='ocrx_word' id='word_1_166' title='bbox 521 2193 663 2221; x_wconf 87' lang='lat' dir='ltr'>mutae.</span> <span class='ocrx_word' id='word_1_167' title='bbox 841 2189 901 2234; x_wconf 78' lang='lat'><strong>83.</strong></span> <span class='ocrx_word' id='word_1_168' title='bbox 914 2193 954 2222; x_wconf 89' lang='lat'><strong>2.</strong></span> 
     </span>
     <span class='ocr_line' id='line_1_46' title="bbox 306 2237 957 2291; baseline 0 -16"><span class='ocrx_word' id='word_1_169' title='bbox 306 2237 479 2290; x_wconf 82' lang='lat' dir='ltr'>Astyage</span> <span class='ocrx_word' id='word_1_170' title='bbox 496 2237 660 2285; x_wconf 60' lang='lat' dir='ltr'>denisio,</span> <span class='ocrx_word' id='word_1_171' title='bbox 691 2239 814 2291; x_wconf 84' lang='lat' dir='ltr'>Cyrus</span> <span class='ocrx_word' id='word_1_172' title='bbox 835 2239 957 2288; x_wconf 85' lang='lat' dir='ltr'>impe-</span> 
     </span>
     <span class='ocr_line' id='line_1_47' title="bbox 362 2291 955 2334; baseline 0 -3"><span class='ocrx_word' id='word_1_173' title='bbox 362 2295 461 2331; x_wconf 84' lang='lat' dir='ltr'>rium</span> <span class='ocrx_word' id='word_1_174' title='bbox 508 2306 531 2330; x_wconf 86' lang='lat' dir='ltr'>a</span> <span class='ocrx_word' id='word_1_175' title='bbox 564 2293 695 2334; x_wconf 90' lang='lat' dir='ltr'>Medis</span> <span class='ocrx_word' id='word_1_176' title='bbox 741 2294 789 2332; x_wconf 87' lang='lat' dir='ltr'>ad</span> <span class='ocrx_word' id='word_1_177' title='bbox 826 2291 955 2333; x_wconf 82' lang='lat' dir='ltr'>Persas</span> 
     </span>
     <span class='ocr_line' id='line_1_48' title="bbox 359 2347 954 2399; baseline -0.002 -12"><span class='ocrx_word' id='word_1_178' title='bbox 359 2347 559 2387; x_wconf 83' lang='lat' dir='ltr'>transtulit.</span> <span class='ocrx_word' id='word_1_179' title='bbox 789 2355 904 2399; x_wconf 79' lang='lat'><strong>1084.</strong></span> <span class='ocrx_word' id='word_1_180' title='bbox 916 2360 954 2399; x_wconf 94' lang='lat'>7.</span> 
     </span>
     <span class='ocr_line' id='line_1_49' title="bbox 305 2402 954 2455; baseline -0.002 -13"><span class='ocrx_word' id='word_1_181' title='bbox 305 2403 525 2446; x_wconf 88' lang='lat' dir='ltr'>Athenadis</span> <span class='ocrx_word' id='word_1_182' title='bbox 542 2402 729 2443; x_wconf 79' lang='lat' dir='ltr'>defenfio.</span> <span class='ocrx_word' id='word_1_183' title='bbox 811 2407 954 2455; x_wconf 72' lang='lat'>6⁶57·</span> 
     </span>
     <span class='ocr_line' id='line_1_50' title="bbox 305 2458 954 2511; baseline -0.008 -10"><span class='ocrx_word' id='word_1_184' title='bbox 305 2459 490 2502; x_wconf 88' lang='lat' dir='ltr'>Athenae</span> <span class='ocrx_word' id='word_1_185' title='bbox 506 2458 638 2499; x_wconf 85' lang='lat' dir='ltr'>sacrae.</span> <span class='ocrx_word' id='word_1_186' title='bbox 663 2472 751 2511; x_wconf 85' lang='lat'><strong>153.</strong></span> <span class='ocrx_word' id='word_1_187' title='bbox 772 2470 808 2498; x_wconf 88' lang='lat'><strong>2.</strong></span> <span class='ocrx_word' id='word_1_188' title='bbox 836 2459 954 2500; x_wconf 84' lang='lat' dir='ltr'>Athe-</span> 
     </span>
     <span class='ocr_line' id='line_1_51' title="bbox 357 2515 957 2566; baseline -0.002 -12"><span class='ocrx_word' id='word_1_189' title='bbox 357 2529 426 2555; x_wconf 86' lang='lat' dir='ltr'>nas</span> <span class='ocrx_word' id='word_1_190' title='bbox 452 2517 625 2555; x_wconf 89' lang='lat' dir='ltr'>omnium</span> <span class='ocrx_word' id='word_1_191' title='bbox 647 2515 794 2554; x_wconf 88' lang='lat' dir='ltr'>vrbium</span> <span class='ocrx_word' id='word_1_192' title='bbox 817 2517 957 2566; x_wconf 86' lang='lat' dir='ltr'>primas</span> 
     </span>
     <span class='ocr_line' id='line_1_52' title="bbox 362 2568 954 2611; baseline -0.005 0"><span class='ocrx_word' id='word_1_193' title='bbox 362 2571 536 2611; x_wconf 88' lang='lat' dir='ltr'>conditas</span> <span class='ocrx_word' id='word_1_194' title='bbox 563 2582 604 2611; x_wconf 91' lang='lat' dir='ltr'>et</span> <span class='ocrx_word' id='word_1_195' title='bbox 631 2569 815 2609; x_wconf 85' lang='lat' dir='ltr'>habitatas</span> <span class='ocrx_word' id='word_1_196' title='bbox 843 2568 954 2609; x_wconf 85' lang='lat' dir='ltr'>fuisse</span> 
     </span>
    </p>
   </div>
   <div class='ocr_carea' id='block_1_8' title="bbox 361 2625 953 2682">
    <p class='ocr_par' dir='ltr' id='par_1_12' title="bbox 361 2625 953 2682">
     <span class='ocr_line' id='line_1_53' title="bbox 361 2625 953 2682; baseline -0.003 -15"><span class='ocrx_word' id='word_1_197' title='bbox 361 2627 566 2669; x_wconf 87' lang='lat' dir='ltr'>creditum.</span> <span class='ocrx_word' id='word_1_198' title='bbox 590 2639 705 2682; x_wconf 82' lang='lat'><strong>1005.</strong></span> <span class='ocrx_word' id='word_1_199' title='bbox 719 2639 757 2681; x_wconf 91' lang='lat'>9.</span> <span class='ocrx_word' id='word_1_200' title='bbox 780 2625 953 2669; x_wconf 85' lang='lat' dir='ltr'>Athena-</span> 
     </span>
    </p>
   </div>
   <div class='ocr_carea' id='block_1_9' title="bbox 1064 731 1665 1008">
    <p class='ocr_par' dir='ltr' id='par_1_13' title="bbox 1064 731 1665 1008">
     <span class='ocr_line' id='line_1_54' title="bbox 1065 731 1665 781; baseline -0.002 -9"><span class='ocrx_word' id='word_1_201' title='bbox 1065 733 1259 772; x_wconf 87' lang='lat' dir='ltr'>coloniam</span> <span class='ocrx_word' id='word_1_202' title='bbox 1285 731 1456 771; x_wconf 86' lang='lat' dir='ltr'>Thurios</span> <span class='ocrx_word' id='word_1_203' title='bbox 1489 734 1665 781; x_wconf 79' lang='lat' dir='ltr'>mittunt.</span> 
     </span>
     <span class='ocr_line' id='line_1_55' title="bbox 1067 785 1664 842; baseline 0.002 -15"><span class='ocrx_word' id='word_1_204' title='bbox 1067 801 1160 842; x_wconf 84' lang='lat'><strong>453.</strong></span> <span class='ocrx_word' id='word_1_205' title='bbox 1184 801 1216 830; x_wconf 91' lang='lat'><strong>1.</strong></span> <span class='ocrx_word' id='word_1_206' title='bbox 1239 785 1500 828; x_wconf 84' lang='lat' dir='ltr'>Athenienses</span> <span class='ocrx_word' id='word_1_207' title='bbox 1519 787 1664 839; x_wconf 80' lang='lat' dir='ltr'>quibus</span> 
     </span>
     <span class='ocr_line' id='line_1_56' title="bbox 1067 841 1662 884; baseline 0.002 -1"><span class='ocrx_word' id='word_1_208' title='bbox 1067 845 1219 884; x_wconf 80' lang='lat' dir='ltr'>iniuriis</span> <span class='ocrx_word' id='word_1_209' title='bbox 1239 841 1366 883; x_wconf 85' lang='lat' dir='ltr'>Persas</span> <span class='ocrx_word' id='word_1_210' title='bbox 1392 844 1662 884; x_wconf 77' lang='lat' dir='ltr'>laceffiuerint.</span> 
     </span>
     <span class='ocr_line' id='line_1_57' title="bbox 1069 897 1665 952; baseline -0.002 -11"><span class='ocrx_word' id='word_1_211' title='bbox 1069 907 1187 952; x_wconf 82' lang='lat'><strong>1085.</strong></span> <span class='ocrx_word' id='word_1_212' title='bbox 1205 912 1241 952; x_wconf 83' lang='grc' dir='ltr'>ς.</span> <span class='ocrx_word' id='word_1_213' title='bbox 1262 897 1521 946; x_wconf 79' lang='lat' dir='ltr'>Athenienses</span> <span class='ocrx_word' id='word_1_214' title='bbox 1542 902 1665 940; x_wconf 87' lang='lat' dir='ltr'>etLa-</span> 
     </span>
     <span class='ocr_line' id='line_1_58' title="bbox 1064 955 1665 1008; baseline 0.002 -14"><span class='ocrx_word' id='word_1_215' title='bbox 1064 955 1308 996; x_wconf 86' lang='lat' dir='ltr'>cedaemonii</span> <span class='ocrx_word' id='word_1_216' title='bbox 1358 969 1436 1007; x_wconf 91' lang='lat' dir='ltr'>quo</span> <span class='ocrx_word' id='word_1_217' title='bbox 1486 966 1665 1008; x_wconf 84' lang='lat' dir='ltr'>tempore</span> 
     </span>
    </p>
   </div>
   <div class='ocr_carea' id='block_1_10' title="bbox 1020 1010 1662 1064">
    <p class='ocr_par' dir='ltr' id='par_1_14' title="bbox 1020 1010 1662 1064">
     <span class='ocr_line' id='line_1_59' title="bbox 1020 1010 1662 1064; baseline 0.002 -14"><span class='ocrx_word' id='word_1_218' title='bbox 1020 1051 1021 1054; x_wconf 66' lang='grc'>,</span> <span class='ocrx_word' id='word_1_219' title='bbox 1066 1024 1201 1063; x_wconf 89' lang='lat' dir='ltr'>pacem</span> <span class='ocrx_word' id='word_1_220' title='bbox 1239 1024 1325 1051; x_wconf 90' lang='lat' dir='ltr'>curn</span> <span class='ocrx_word' id='word_1_221' title='bbox 1352 1024 1449 1064; x_wconf 87' lang='lat' dir='ltr'>rege</span> <span class='ocrx_word' id='word_1_222' title='bbox 1477 1010 1662 1052; x_wconf 88' lang='lat' dir='ltr'>fecerint.</span> 
     </span>
    </p>
   </div>
   <div class='ocr_carea' id='block_1_11' title="bbox 1063 1065 1707 2345">
    <p class='ocr_par' dir='ltr' id='par_1_15' title="bbox 1063 1065 1707 2345">
     <span class='ocr_line' id='line_1_60' title="bbox 1065 1065 1664 1120; baseline 0 -14"><span class='ocrx_word' id='word_1_223' title='bbox 1065 1078 1159 1120; x_wconf 86' lang='lat'><strong>479.</strong></span> <span class='ocrx_word' id='word_1_224' title='bbox 1188 1070 1225 1110; x_wconf 91' lang='lat'>6.</span> <span class='ocrx_word' id='word_1_225' title='bbox 1285 1065 1550 1118; x_wconf 80' lang='lat' dir='ltr'>Athenienses</span> <span class='ocrx_word' id='word_1_226' title='bbox 1576 1079 1664 1106; x_wconf 86' lang='lat' dir='ltr'>eum</span> 
     </span>
     <span class='ocr_line' id='line_1_61' title="bbox 1067 1122 1707 1171; baseline 0.003 -10"><span class='ocrx_word' id='word_1_227' title='bbox 1067 1123 1385 1162; x_wconf 79' lang='lat' dir='ltr'>Lacedaemoniis</span> <span class='ocrx_word' id='word_1_228' title='bbox 1407 1134 1447 1162; x_wconf 91' lang='lat' dir='ltr'>et</span> <span class='ocrx_word' id='word_1_229' title='bbox 1465 1122 1665 1164; x_wconf 71' lang='lat' dir='ltr'>Persarum</span> <span class='ocrx_word' id='word_1_230' title='bbox 1704 1167 1707 1171; x_wconf 18' lang='grc' dir='ltr'><em>Α</em></span> 
     </span>
     <span class='ocr_line' id='line_1_62' title="bbox 1068 1178 1664 1231; baseline 0.002 -15"><span class='ocrx_word' id='word_1_231' title='bbox 1068 1191 1166 1231; x_wconf 87' lang='lat' dir='ltr'>rege</span> <span class='ocrx_word' id='word_1_232' title='bbox 1205 1178 1341 1229; x_wconf 90' lang='lat' dir='ltr'>quibus</span> <span class='ocrx_word' id='word_1_233' title='bbox 1371 1178 1664 1219; x_wconf 75' lang='lat' dir='ltr'>conditionibus</span> 
     </span>
     <span class='ocr_line' id='line_1_63' title="bbox 1066 1234 1663 1287; baseline 0 -14"><span class='ocrx_word' id='word_1_234' title='bbox 1066 1247 1203 1286; x_wconf 84' lang='lat' dir='ltr'>pacem</span> <span class='ocrx_word' id='word_1_235' title='bbox 1224 1234 1399 1274; x_wconf 83' lang='lat' dir='ltr'>fecerint.</span> <span class='ocrx_word' id='word_1_236' title='bbox 1423 1245 1512 1287; x_wconf 86' lang='lat'><strong>573.</strong></span> <span class='ocrx_word' id='word_1_237' title='bbox 1533 1247 1567 1277; x_wconf 74' lang='lat'>1.</span> <span class='ocrx_word' id='word_1_238' title='bbox 1591 1246 1663 1286; x_wconf 87' lang='lat' dir='ltr'>pro</span> 
     </span>
     <span class='ocr_line' id='line_1_64' title="bbox 1063 1288 1666 1330; baseline 0.003 -2"><span class='ocrx_word' id='word_1_239' title='bbox 1063 1289 1250 1329; x_wconf 86' lang='lat' dir='ltr'>libertatis</span> <span class='ocrx_word' id='word_1_240' title='bbox 1267 1288 1566 1329; x_wconf 83' lang='lat' dir='ltr'>conseruatione</span> <span class='ocrx_word' id='word_1_241' title='bbox 1583 1289 1666 1330; x_wconf 77' lang='lat' dir='ltr'>sub·</span> 
     </span>
     <span class='ocr_line' id='line_1_65' title="bbox 1064 1347 1665 1398; baseline 0 -12"><span class='ocrx_word' id='word_1_242' title='bbox 1064 1347 1198 1386; x_wconf 85' lang='lat' dir='ltr'>ierunt</span> <span class='ocrx_word' id='word_1_243' title='bbox 1252 1356 1424 1387; x_wconf 82' lang='lat' dir='ltr'>extrema</span> <span class='ocrx_word' id='word_1_244' title='bbox 1475 1358 1665 1398; x_wconf 83' lang='lat' dir='ltr'>quaeque.</span> 
     </span>
     <span class='ocr_line' id='line_1_66' title="bbox 1071 1399 1666 1455; baseline -0.002 -14"><span class='ocrx_word' id='word_1_245' title='bbox 1071 1414 1162 1455; x_wconf 80' lang='lat'><strong>553.</strong></span> <span class='ocrx_word' id='word_1_246' title='bbox 1186 1414 1218 1444; x_wconf 86' lang='lat'><strong>1.</strong></span> <span class='ocrx_word' id='word_1_247' title='bbox 1266 1416 1288 1441; x_wconf 88' lang='lat' dir='ltr'>a</span> <span class='ocrx_word' id='word_1_248' title='bbox 1314 1399 1509 1453; x_wconf 81' lang='lat' dir='ltr'>praesenti</span> <span class='ocrx_word' id='word_1_249' title='bbox 1535 1401 1666 1441; x_wconf 84' lang='lat' dir='ltr'>demo-</span> 
     </span>
     <span class='ocr_line' id='line_1_67' title="bbox 1068 1456 1665 1500; baseline -0.002 -4"><span class='ocrx_word' id='word_1_250' title='bbox 1068 1459 1182 1496; x_wconf 77' lang='lat' dir='ltr'>cratia</span> <span class='ocrx_word' id='word_1_251' title='bbox 1201 1457 1247 1496; x_wconf 86' lang='lat' dir='ltr'>ad</span> <span class='ocrx_word' id='word_1_252' title='bbox 1268 1459 1421 1499; x_wconf 87' lang='lat' dir='ltr'>Solonis</span> <span class='ocrx_word' id='word_1_253' title='bbox 1441 1469 1480 1498; x_wconf 90' lang='lat' dir='ltr'>et</span> <span class='ocrx_word' id='word_1_254' title='bbox 1503 1456 1665 1500; x_wconf 79' lang='lat' dir='ltr'>Clisthe-</span> 
     </span>
     <span class='ocr_line' id='line_1_68' title="bbox 1067 1512 1663 1554; baseline 0 -2"><span class='ocrx_word' id='word_1_255' title='bbox 1067 1515 1128 1552; x_wconf 88' lang='lat' dir='ltr'>nis</span> <span class='ocrx_word' id='word_1_256' title='bbox 1148 1513 1361 1554; x_wconf 83' lang='lat' dir='ltr'>institutum</span> <span class='ocrx_word' id='word_1_257' title='bbox 1373 1524 1606 1554; x_wconf 80' lang='lat' dir='ltr'>reuocantur</span> <span class='ocrx_word' id='word_1_258' title='bbox 1614 1512 1663 1552; x_wconf 88' lang='lat' dir='ltr'>ab</span> 
     </span>
     <span class='ocr_line' id='line_1_69' title="bbox 1066 1568 1663 1623; baseline -0.002 -14"><span class='ocrx_word' id='word_1_259' title='bbox 1066 1568 1241 1609; x_wconf 78' lang='lat' dir='ltr'>Isocrate.</span> <span class='ocrx_word' id='word_1_260' title='bbox 1274 1581 1365 1623; x_wconf 81' lang='lat'><strong>549.</strong></span> <span class='ocrx_word' id='word_1_261' title='bbox 1392 1574 1429 1613; x_wconf 91' lang='lat'>6.</span> <span class='ocrx_word' id='word_1_262' title='bbox 1479 1568 1530 1609; x_wconf 90' lang='lat' dir='ltr'>de</span> <span class='ocrx_word' id='word_1_263' title='bbox 1556 1568 1663 1608; x_wconf 84' lang='lat' dir='ltr'>bello</span> 
     </span>
     <span class='ocr_line' id='line_1_70' title="bbox 1066 1621 1664 1678; baseline 0.003 -15"><span class='ocrx_word' id='word_1_264' title='bbox 1066 1623 1244 1664; x_wconf 73' lang='lat' dir='ltr'>aduersus</span> <span class='ocrx_word' id='word_1_265' title='bbox 1287 1637 1422 1678; x_wconf 84' lang='lat' dir='ltr'>regern</span> <span class='ocrx_word' id='word_1_266' title='bbox 1464 1621 1664 1665; x_wconf 79' lang='lat' dir='ltr'>Persarum</span> 
     </span>
     <span class='ocr_line' id='line_1_71' title="bbox 1064 1678 1662 1731; baseline 0.003 -13"><span class='ocrx_word' id='word_1_267' title='bbox 1064 1681 1204 1731; x_wconf 86' lang='lat' dir='ltr'>quibus</span> <span class='ocrx_word' id='word_1_268' title='bbox 1233 1682 1389 1720; x_wconf 86' lang='lat' dir='ltr'>monitis</span> <span class='ocrx_word' id='word_1_269' title='bbox 1418 1694 1440 1719; x_wconf 84' lang='lat' dir='ltr'>a</span> <span class='ocrx_word' id='word_1_270' title='bbox 1462 1678 1662 1720; x_wconf 80' lang='lat' dir='ltr'>Demosth.</span> 
     </span>
     <span class='ocr_line' id='line_1_72' title="bbox 1067 1735 1665 1790; baseline 0 -15"><span class='ocrx_word' id='word_1_271' title='bbox 1067 1737 1128 1775; x_wconf 81' lang='lat' dir='ltr'>ins</span> <span class='ocrx_word' id='word_1_272' title='bbox 1130 1736 1251 1774; x_wconf 69' lang='lat' dir='ltr'>lru‘cli.</span> <span class='ocrx_word' id='word_1_273' title='bbox 1271 1748 1362 1790; x_wconf 84' lang='lat'><strong>945.</strong></span> <span class='ocrx_word' id='word_1_274' title='bbox 1373 1749 1411 1790; x_wconf 89' lang='lat'>9.</span> <span class='ocrx_word' id='word_1_275' title='bbox 1429 1749 1450 1775; x_wconf 87' lang='lat' dir='ltr'>a</span> <span class='ocrx_word' id='word_1_276' title='bbox 1462 1735 1565 1775; x_wconf 89' lang='lat' dir='ltr'>bello</span> <span class='ocrx_word' id='word_1_277' title='bbox 1577 1739 1665 1776; x_wconf 85' lang='lat' dir='ltr'>Per·</span> 
     </span>
     <span class='ocr_line' id='line_1_73' title="bbox 1069 1790 1665 1843; baseline 0.002 -12"><span class='ocrx_word' id='word_1_278' title='bbox 1069 1791 1142 1831; x_wconf 77' lang='lat' dir='ltr'>fico</span> <span class='ocrx_word' id='word_1_279' title='bbox 1203 1790 1384 1831; x_wconf 86' lang='lat' dir='ltr'>aduersus</span> <span class='ocrx_word' id='word_1_280' title='bbox 1438 1790 1665 1843; x_wconf 84' lang='lat' dir='ltr'>Philippum</span> 
     </span>
     <span class='ocr_line' id='line_1_74' title="bbox 1068 1846 1662 1901; baseline 0.002 -15"><span class='ocrx_word' id='word_1_281' title='bbox 1068 1848 1312 1887; x_wconf 84' lang='lat' dir='ltr'>concitantur</span> <span class='ocrx_word' id='word_1_282' title='bbox 1332 1846 1559 1888; x_wconf 84' lang='lat' dir='ltr'>aDemosth.</span> <span class='ocrx_word' id='word_1_283' title='bbox 1569 1859 1662 1901; x_wconf 89' lang='lat'><strong>293.</strong></span> 
     </span>
     <span class='ocr_line' id='line_1_75' title="bbox 1069 1902 1664 1964; baseline -0.005 -18"><span class='ocrx_word' id='word_1_284' title='bbox 1069 1916 1107 1964; x_wconf 83' lang='lat'>4-</span> <span class='ocrx_word' id='word_1_285' title='bbox 1130 1915 1222 1955; x_wconf 83' lang='lat'><strong>351.</strong></span> <span class='ocrx_word' id='word_1_286' title='bbox 1241 1907 1280 1947; x_wconf 86' lang='lat'><strong>6.</strong></span> <span class='ocrx_word' id='word_1_287' title='bbox 1311 1902 1505 1957; x_wconf 85' lang='lat' dir='ltr'>Olynthiis</span> <span class='ocrx_word' id='word_1_288' title='bbox 1524 1904 1664 1943; x_wconf 80' lang='lat' dir='ltr'>auxilia</span> 
     </span>
     <span class='ocr_line' id='line_1_76' title="bbox 1067 1958 1665 2014; baseline 0 -17"><span class='ocrx_word' id='word_1_289' title='bbox 1067 1961 1237 1998; x_wconf 88' lang='lat' dir='ltr'>mittunt.</span> <span class='ocrx_word' id='word_1_290' title='bbox 1270 1970 1365 2013; x_wconf 80' lang='lat'><strong>734.</strong></span> <span class='ocrx_word' id='word_1_291' title='bbox 1399 1971 1462 2014; x_wconf 82' lang='lat'>13.</span> <span class='ocrx_word' id='word_1_292' title='bbox 1513 1958 1665 2000; x_wconf 87' lang='lat' dir='ltr'>Chalci·</span> 
     </span>
     <span class='ocr_line' id='line_1_77' title="bbox 1068 2012 1666 2067; baseline 0.003 -14"><span class='ocrx_word' id='word_1_293' title='bbox 1068 2014 1247 2054; x_wconf 84' lang='lat' dir='ltr'>denfibus</span> <span class='ocrx_word' id='word_1_294' title='bbox 1277 2017 1321 2054; x_wconf 91' lang='lat' dir='ltr'>in</span> <span class='ocrx_word' id='word_1_295' title='bbox 1340 2014 1504 2055; x_wconf 84' lang='lat' dir='ltr'>Thracia</span> <span class='ocrx_word' id='word_1_296' title='bbox 1528 2012 1666 2067; x_wconf 86' lang='lat' dir='ltr'>suppe-</span> 
     </span>
     <span class='ocr_line' id='line_1_78' title="bbox 1068 2070 1664 2124; baseline -0.002 -15"><span class='ocrx_word' id='word_1_297' title='bbox 1068 2071 1138 2110; x_wconf 83' lang='lat' dir='ltr'>tias</span> <span class='ocrx_word' id='word_1_298' title='bbox 1156 2071 1323 2110; x_wconf 88' lang='lat' dir='ltr'>mittunt.</span> <span class='ocrx_word' id='word_1_299' title='bbox 1351 2082 1442 2124; x_wconf 81' lang='lat'>735.</span> <span class='ocrx_word' id='word_1_300' title='bbox 1461 2083 1496 2123; x_wconf 86' lang='lat'><strong>3.</strong></span> <span class='ocrx_word' id='word_1_301' title='bbox 1540 2070 1664 2109; x_wconf 90' lang='lat' dir='ltr'>Athe-</span> 
     </span>
     <span class='ocr_line' id='line_1_79' title="bbox 1067 2122 1662 2166; baseline -0.002 0"><span class='ocrx_word' id='word_1_302' title='bbox 1067 2126 1262 2166; x_wconf 72' lang='lat' dir='ltr'>niensibus</span> <span class='ocrx_word' id='word_1_303' title='bbox 1296 2125 1452 2165; x_wconf 84' lang='lat' dir='ltr'>ducatus</span> <span class='ocrx_word' id='word_1_304' title='bbox 1479 2122 1662 2166; x_wconf 79' lang='lat' dir='ltr'>aduersus</span> 
     </span>
     <span class='ocr_line' id='line_1_80' title="bbox 1068 2180 1663 2230; baseline 0.007 -10"><span class='ocrx_word' id='word_1_305' title='bbox 1068 2181 1246 2220; x_wconf 88' lang='lat' dir='ltr'>barbaros</span> <span class='ocrx_word' id='word_1_306' title='bbox 1267 2193 1331 2219; x_wconf 89' lang='lat' dir='ltr'>cur</span> <span class='ocrx_word' id='word_1_307' title='bbox 1348 2180 1514 2220; x_wconf 83' lang='lat' dir='ltr'>debitus.</span> <span class='ocrx_word' id='word_1_308' title='bbox 1547 2186 1663 2230; x_wconf 82' lang='lat'><strong>1081.</strong></span> 
     </span>
     <span class='ocr_line' id='line_1_81' title="bbox 1069 2234 1664 2289; baseline 0 -13"><span class='ocrx_word' id='word_1_309' title='bbox 1069 2249 1130 2289; x_wconf 86' lang='lat'><strong>13.</strong></span> <span class='ocrx_word' id='word_1_310' title='bbox 1151 2234 1411 2276; x_wconf 82' lang='lat' dir='ltr'>Athenienses</span> <span class='ocrx_word' id='word_1_311' title='bbox 1433 2238 1474 2275; x_wconf 91' lang='lat' dir='ltr'>in</span> <span class='ocrx_word' id='word_1_312' title='bbox 1497 2237 1664 2278; x_wconf 86' lang='lat' dir='ltr'>Socratis</span> 
     </span>
     <span class='ocr_line' id='line_1_82' title="bbox 1066 2292 1658 2345; baseline 0.003 -16"><span class='ocrx_word' id='word_1_313' title='bbox 1066 2293 1261 2345; x_wconf 83' lang='lat' dir='ltr'>Apologia</span> <span class='ocrx_word' id='word_1_314' title='bbox 1304 2292 1658 2345; x_wconf 81' lang='lat' dir='ltr'>reprehenduntur.</span> 
     </span>
    </p>
   </div>
   <div class='ocr_carea' id='block_1_12' title="bbox 1489 2360 1661 2401">
    <p class='ocr_par' dir='ltr' id='par_1_16' title="bbox 1489 2360 1661 2401">
     <span class='ocr_line' id='line_1_83' title="bbox 1489 2360 1661 2401; baseline -0.023 -12"><span class='ocrx_word' id='word_1_315' title='bbox 1489 2360 1661 2401; x_wconf 81' lang='lat'><strong>295.14.</strong></span> 
     </span>
    </p>
   </div>
   <div class='ocr_carea' id='block_1_13' title="bbox 1009 2402 1727 2454">
    <p class='ocr_par' dir='ltr' id='par_1_17' title="bbox 1009 2402 1727 2454">
     <span class='ocr_line' id='line_1_84' title="bbox 1009 2402 1727 2454; baseline -0.001 -10"><span class='ocrx_word' id='word_1_316' title='bbox 1009 2402 1303 2444; x_wconf 76' lang='lat' dir='ltr'>Atheniensium</span> <span class='ocrx_word' id='word_1_317' title='bbox 1330 2405 1571 2444; x_wconf 80' lang='lat' dir='ltr'>incrementa</span> <span class='ocrx_word' id='word_1_318' title='bbox 1595 2407 1664 2445; x_wconf 86' lang='lat' dir='ltr'>La·</span> <span class='ocrx_word' id='word_1_319' title='bbox 1724 2438 1727 2454; x_wconf 42' lang='lat'><strong>3</strong></span> 
     </span>
    </p>
   </div>
   <div class='ocr_carea' id='block_1_14' title="bbox 1067 2459 1662 2500">
    <p class='ocr_par' dir='ltr' id='par_1_18' title="bbox 1067 2459 1662 2500">
     <span class='ocr_line' id='line_1_85' title="bbox 1067 2459 1662 2500; baseline 0.002 -2"><span class='ocrx_word' id='word_1_320' title='bbox 1067 2460 1343 2499; x_wconf 81' lang='lat' dir='ltr'>cedaemonios</span> <span class='ocrx_word' id='word_1_321' title='bbox 1360 2460 1408 2500; x_wconf 85' lang='lat' dir='ltr'>ad</span> <span class='ocrx_word' id='word_1_322' title='bbox 1430 2459 1577 2498; x_wconf 89' lang='lat' dir='ltr'>bellum</span> <span class='ocrx_word' id='word_1_323' title='bbox 1598 2473 1662 2499; x_wconf 86' lang='lat' dir='ltr'>ex-</span> 
     </span>
    </p>
   </div>
   <div class='ocr_carea' id='block_1_15' title="bbox 1067 2512 1724 2568">
    <p class='ocr_par' dir='ltr' id='par_1_19' title="bbox 1067 2512 1724 2568">
     <span class='ocr_line' id='line_1_86' title="bbox 1067 2512 1724 2568; baseline 0 -15"><span class='ocrx_word' id='word_1_324' title='bbox 1067 2517 1194 2554; x_wconf 85' lang='lat' dir='ltr'>citant.</span> <span class='ocrx_word' id='word_1_325' title='bbox 1219 2523 1310 2568; x_wconf 82' lang='lat'><strong>832.</strong></span> <span class='ocrx_word' id='word_1_326' title='bbox 1332 2527 1367 2557; x_wconf 90' lang='lat'><strong>1.</strong></span> <span class='ocrx_word' id='word_1_327' title='bbox 1398 2512 1662 2556; x_wconf 87' lang='lat' dir='ltr'>Athenienses</span> <span class='ocrx_word' id='word_1_328' title='bbox 1722 2534 1724 2539; x_wconf 40' lang='grc' dir='ltr'><em>ν</em></span> 
     </span>
    </p>
   </div>
   <div class='ocr_carea' id='block_1_16' title="bbox 1062 2570 1723 2626">
    <p class='ocr_par' dir='ltr' id='par_1_20' title="bbox 1062 2570 1723 2626">
     <span class='ocr_line' id='line_1_87' title="bbox 1062 2570 1723 2626; baseline -0.002 -16"><span class='ocrx_word' id='word_1_329' title='bbox 1062 2572 1214 2623; x_wconf 74' lang='lat' dir='ltr'>legatos</span> <span class='ocrx_word' id='word_1_330' title='bbox 1236 2573 1287 2610; x_wconf 95' lang='lat' dir='ltr'>de</span> <span class='ocrx_word' id='word_1_331' title='bbox 1304 2584 1401 2623; x_wconf 88' lang='lat' dir='ltr'>pace</span> <span class='ocrx_word' id='word_1_332' title='bbox 1420 2571 1467 2610; x_wconf 88' lang='lat' dir='ltr'>ad</span> <span class='ocrx_word' id='word_1_333' title='bbox 1477 2570 1661 2612; x_wconf 84' lang='lat' dir='ltr'>Lacedae·</span> <span class='ocrx_word' id='word_1_334' title='bbox 1721 2594 1723 2626; x_wconf 60' lang='lat'>3</span> 
     </span>
    </p>
   </div>
   <div class='ocr_carea' id='block_1_17' title="bbox 1012 2625 1659 2681">
    <p class='ocr_par' dir='ltr' id='par_1_21' title="bbox 1012 2625 1659 2681">
     <span class='ocr_line' id='line_1_88' title="bbox 1012 2625 1659 2681; baseline -0.008 -11"><span class='ocrx_word' id='word_1_335' title='bbox 1012 2663 1021 2670; x_wconf 87' lang='lat'><strong>.</strong></span> <span class='ocrx_word' id='word_1_336' title='bbox 1061 2628 1216 2669; x_wconf 84' lang='lat' dir='ltr'>monios</span> <span class='ocrx_word' id='word_1_337' title='bbox 1226 2628 1385 2667; x_wconf 89' lang='lat' dir='ltr'>mittunt</span> <span class='ocrx_word' id='word_1_338' title='bbox 1393 2641 1406 2675; x_wconf 80' lang='lat'>3</span> <span class='ocrx_word' id='word_1_339' title='bbox 1418 2625 1659 2681; x_wconf 69' lang='lat' dir='ltr'>frustra.842.</span> 
     </span>
    </p>
   </div>
   <div class='ocr_carea' id='block_1_18' title="bbox 1595 2680 1721 2734">
    <p class='ocr_par' dir='ltr' id='par_1_22' title="bbox 1595 2680 1721 2734">
     <span class='ocr_line' id='line_1_89' title="bbox 1595 2680 1721 2734; baseline -0.032 -10"><span class='ocrx_word' id='word_1_340' title='bbox 1595 2693 1657 2734; x_wconf 88' lang='lat'><strong>13.</strong></span> <span class='ocrx_word' id='word_1_341' title='bbox 1707 2680 1721 2702; x_wconf 71' lang='lat'>&#39;³</span> 
     </span>
    </p>
   </div>
   <div class='ocr_carea' id='block_1_19' title="bbox 1716 999 1751 2882">
    <p class='ocr_par' dir='ltr' id='par_1_23' title="bbox 1716 999 1751 2882">
     <span class='ocr_line' id='line_1_90' title="bbox 1716 999 1751 2882; baseline 0 0"><span class='ocrx_word' id='word_1_342' title='bbox 1716 999 1751 2882; x_wconf 95' lang='lat' dir='ltr'> </span> 
     </span>
    </p>
   </div>
  </div>
 </body>
</html>
