1751 3154
763 124 1164 168 INDEX

284 232 466 281 aduersus
484 237 638 277 Dauum
669 232 765 276 aEl-io
788 234 942 289 Lylicli-

337 293 408 332 dis.
788 296 939 344 6642.

282 349 417 392 Debiti
472 348 663 388 simulatio
716 346 938 400 periculosa.

337 411 430 459 580.
459 418 546 454 pen.
607 404 826 443 debitorum
854 417 938 443 exa-

337 463 409 501 fflio
429 474 511 500 non
531 459 856 512 vniusmod.i.322.
873 472 934 500 12.

336 517 533 556 debitores
555 518 594 556 in
616 515 806 557 seditione
818 516 936 556 credi-

331 584 434 611 tores
448 572 532 612 suos
546 574 933 624 inte1·imunt.gg5.1.

278 630 536 669 Deceleicum
555 629 714 668 bellum.
791 635 933 681 548·1.

276 689 478 727 Decenter
516 686 648 725 dicere
688 697 789 736 quae
826 684 931 723 volu-

327 754 424 781 mus.
453 747 544 789 231.
571 755 608 795 9.
661 741 849 780 decenter
879 740 933 778 di-

329 810 419 836 cere
456 799 663 837 Homerica
693 799 763 835 Iris
802 796 931 835 docet.

327 865 419 904 323.
442 865 457 893 1
471 866 503 894 Ι.
533 854 712 892 decenn‘s
731 865 773 891 ac
793 849 934 903 specio·

324 907 387 947 sae
415 909 594 947 diSlionis
624 908 850 959 exemplum
880 920 930 946 ex

325 964 522 1004 Demosth.
564 978 619 1004 or.
658 978 730 1016 pro
757 966 924 1005 Corona.

781 1031 873 1072 350.
889 1030 926 1058 2.

267 1075 463 1115 Decorum
484 1074 578 1126 quid
599 1074 650 1114 fir.
679 1086 766 1127 135.
785 1087 844 1116 to.
863 1074 928 1113 de-

323 1143 456 1169 corum
478 1142 663 1182 quantam
685 1132 759 1169 vim
775 1131 925 1169 habeat.

323 1191 390 1238 56.
417 1198 508 1237 pen.
526 1187 740 1226 maximum
760 1187 801 1225 in
825 1199 927 1225 com-

319 1241 515 1293 positione
532 1253 774 1283 momentum
795 1242 923 1282 habet.
938 1272 941 1275 «

318 1309 442 1340 1102.
463 1286 508 1341 ³6..
550 1299 747 1352 figur-aser
767 1297 923 1338 habitus

288 1388 301 1407 Ι
319 1366 459 1393 omnes
481 1354 742 1395 commendat.
767 1367 856 1407 135.
882 1368 918 1395 2.

285 1408 288 1411 ’
314 1409 517 1459 decorum,
543 1410 920 1461 praestantissimaet

312 1464 583 1517 perfthiffima
599 1467 726 1510 virtus,
752 1466 918 1518 diligen-

315 1531 377 1559 ter
431 1536 453 1561 a
481 1522 619 1574 Lyfia:
655 1520 913 1561 obseruatum.

309 1580 405 1629 467.
438 1591 476 1630 3.
529 1578 662 1617 decori
696 1576 916 1617 obseruatio

313 1632 417 1683 apud
432 1632 790 1675 Demosthffiumma.
801 1636 911 1675 1061.
938 1664 941 1666 >

312 1697 376 1740 13‘.
404 1687 537 1727 decori
555 1692 593 1729 in
614 1689 769 1727 historia
789 1687 914 1727 obser·

309 1754 416 1783 vator
433 1744 662 1797 diligentior
675 1743 911 1794 Herodotus,

308 1811 424 1849 quam
438 1799 708 1852 Thucydides.
737 1803 830 1854 776.
849 1803 911 1842 16.

252 1854 465 1894 Dedecore
485 1856 642 1895 afficere
655 1858 911 1908 propinquos,

307 1921 376 1949 aut
394 1912 559 1952 maiores
571 1909 667 1961 suos,
689 1924 813 1952 morte
827 1911 907 1963 ipsa

307 1968 477 2018 grauius.
678 1981 794 2021 1044.
812 1981 905 2020 pen.

248 2020 437 2061 Defensio
450 2021 669 2071 neoeffixria,
681 2026 796 2063 etiarn
816 2037 908 2062 con-

306 2089 362 2117 tra
383 2080 634 2130 propinquos.
653 2092 747 2133 599.
764 2092 823 2122 to.
842 2081 907 2119 de-

296 2133 424 2175 fenfio
455 2137 619 2181 Socratis
645 2136 750 2186 apud
786 2137 907 2175 Plato-

300 2201 396 2228 nem
419 2199 457 2228 et
477 2190 806 2242 Xenophontem,
838 2193 904 2232 So-

301 2245 412 2283 cratis
443 2245 498 2284 est
530 2246 700 2285 laudatio
726 2246 904 2285 artificio-

296 2298 343 2340 sa.
367 2307 460 2352 358.
487 2314 518 2342 1.
540 2300 715 2339 defenlio
730 2302 899 2348 Periclis,

296 2357 429 2395 minus
472 2357 575 2397 recle
612 2371 634 2396 a
664 2357 901 2408 Thucydide

297 2410 516 2464 composita.
726 2423 820 2464 923.
835 2415 898 2451 vlt.

240 2467 476 2509 Deficientia
514 2479 552 2508 vt
580 2466 829 2519 suppleantur
857 2469 899 2507 In

298 2526 488 2564 oratione.
513 2536 605 2577 397.
633 2536 693 2566 11.
732 2522 895 2571 defeeta,

295 2580 466 2619 inualida
488 2592 527 2620 et
544 2579 748 2619 imbecilla.
761 2591 896 2632 407.9.

238 2634 439 2677 Deformis
463 2637 626 2677 rusticus
657 2634 799 2676 liberos
817 2634 897 2676 for-

1053 231 1178 274 mosos
1209 247 1288 288 quo
1317 234 1478 277 artificio
1502 248 1654 291 genue-

1051 292 1112 330 rit.
1500 297 1649 348 4164.

996 346 1197 394 Deiochus
1234 347 1544 396 Proconnesius,
1594 349 1651 390 hi-

1049 403 1138 442 stor.
1504 412 1648 458 8¹85·

993 460 1177 501 Deledus
1204 458 1413 499 verborum
1440 461 1650 512 plurimum

1046 515 1183 568 potest.
1198 527 1329 567 195.9.
1352 514 1442 554 Vise
1453 529 1492 555 et
1504 517 1647 557 Verba.

990 573 1182 617 Deliaeus,
1214 573 1335 610 oratio
1353 569 1445 613 salso
1463 569 1648 623 adscripta

1044 626 1261 667 Dinarcho.
1476 632 1568 672 660.
1580 630 1643 668 vlt.

990 684 1212 724 Deliberat-i
1247 683 1358 724 reite
1398 696 1479 723 non
1507 683 1644 736 potest,

1043 739 1112 778 nili
1150 753 1198 780 ex
1237 751 1398 791 Vtraque
1426 751 1537 792 parte
1563 753 1645 779 mo·

1045 807 1178 834 menta
1198 796 1480 847 ponderentur.
1501 807 1592 850 570.
1605 796 1643 837 6.

987 851 1246 893 Deliberatiui
1305 853 1464 905 generis
1516 853 1643 904 capita

1042 918 1219 958 quatuor,
1242 907 1468 954 Honestum,
1487 907 1641 956 Iustum,

1040 964 1160 1011 Vtile,
1185 964 1371 1003 Poffibile.
1392 977 1484 1018 390.
1504 970 1539 1012 8.
1575 963 1643 1004 de-

1038 1019 1232 1058 liberatiui
1262 1022 1428 1074 'generis
1456 1019 1653 1059 orationi-

1038 1073 1109 1114 bus
1148 1077 1269 1126 qualis
1303 1077 1524 1116 conueniat-
1539 1089 1641 1116 com-

1038 1129 1187 1182 pofitio.
1468 1138 1584 1185 1098.
1598 1143 1635 1184 5.

980 1187 1145 1226 Delicti-⁷
1163 1198 1301 1239 expers
1339 1187 1491 1227 nullum
1527 1189 1638 1240 inge·

1038 1244 1145 1281 nium
1165 1243 1392 1282 humanum.
1491 1249 1582 1294 εἰς.
1595 1254 1633 1295 4.

978 1298 1254 1350 Delphinium,
1280 1299 1467 1338 iudicium
1490 1297 1634 1340 Athen.

1490 1357 1633 1407 6227.

974 1410 1072 1453 Deli
1098 1420 1136 1449 et
1165 1411 1252 1450 Leri
1281 1409 1449 1450 historia.
1480 1414 1575 1454 661.
1594 1423 1633 1462 4.

1033 1468 1128 1506 Deli
1142 1463 1375 1506 sacrificium.
1387 1469 1479 1510 660.
1497 1467 1635 1509 1.Deli

1029 1524 1272 1576 expurgatio.
1460 1529 1551 1575 829.
1567 1534 1583 1564 1
1596 1534 1631 1564 1.

971 1579 1170 1619 Demades
1191 1577 1537 1620 Demosthenicam
1557 1578 1631 1618 rei·

1023 1634 1206 1687 publicae
1225 1635 1494 1674 transsationem
1507 1635 1631 1673 omni·

1026 1704 1094 1729 um
1130 1691 1323 1729 malorum
1364 1687 1512 1729 causam
1548 1687 1629 1729 effe

1024 1758 1093 1784 cur
1113 1745 1263 1785 dixerit.
1426 1756 1520 1798 745.
1534 1757 1627 1797 pen.

968 1801 1222 1849 Demaratus,
1251 1801 1464 1854 Euphileto
1483 1814 1627 1854 cogna-

1024 1868 1095 1896 tus.
1424 1860 1514 1900 620.
1529 1870 1624 1909 pen.

963 1913 1187 1954 Demetrius
1205 1924 1287 1959 rex,
1309 1925 1396 1951 cum
1416 1914 1625 1966 Antigono

1021 1966 1220 2011 Caffandri
1243 1967 1472 2019 praefidium
1491 1980 1513 2007 e
1528 1973 1623 2011 Mu-

1018 2023 1161 2077 nychia
1179 2024 1321 2063 deiicit.
1339 2027 1430 2076 634.
1456 2036 1488 2066 1.
1536 2027 1622 2065 Mu·

1019 2080 1202 2133 nychiam
1246 2078 1429 2118 subuerfis
1471 2080 1622 2119 moeni·

1016 2136 1087 2174 bus
1109 2135 1256 2187 populo
1278 2135 1417 2174 reddit.
1439 2137 1530 2187 636.
1556 2146 1619 2177 11.

1014 2190 1325 2233 Atheniensibus
1355 2189 1532 2243 profugis
1557 2202 1617 2230 re-

1018 2248 1140 2286 ditum
1162 2245 1355 2284 concedit.
1471 2250 1615 2300 651.2.

958 2302 1374 2342 DemetriiCalantiani
1388 2301 1615 2354 stilus.3o.6.

957 2359 1183 2397 Demetrius
1206 2386 1216 2406 ‚
1266 2357 1416 2397 archon
1462 2359 1614 2399 Athen.

1465 2417 1610 2466 ὅςας.

955 2469 1178 2510 Demetrius
1207 2468 1430 2519 (Phalereus
1451 2471 1612 2524 opinor)

1009 2526 1214 2564 Platonem
1233 2525 1501 2577 reprehendit.
1512 2537 1608 2579 75¹7.

1013 2592 1075 2630 13.
1136 2582 1329 2620 Demetrii
1359 2580 1534 2621 Phalerei
1557 2581 1608 2620 de

1007 2637 1179 2677 Platonis
1221 2638 1393 2678 difflone
1435 2635 1604 2679 censura.

1507 2692 1603 2744 760.
