1751 3154
579 113 880 156 RERV

153 226 299 282 pocfiti
333 223 440 266 fratri
473 223 514 264 in
541 223 749 279 tyrannide

154 283 331 325 succedit.
370 294 486 334 1310.
519 293 552 323 1.
614 281 747 322 Gelon

154 337 402 393 magnificum
415 337 563 377 donum
577 334 749 376 frumen-

155 395 292 444 tarium
318 395 431 433 mittit
458 395 606 446 populo
634 396 743 433 Rom.

202 506 211 514 ·
362 454 529 512 1359.6.
552 453 745 503 167814.

95 506 305 554 Geminus,
330 507 483 548 veturii
511 515 745 560 cognomen.

358 573 552 617 1117.10.
576 563 744 614 19367.

95 617 216 660 Genii
261 616 468 658 familiares
510 615 745 657 hominibus

151 676 246 729 364·
270 687 331 716 10.
363 686 453 728 370.
476 675 538 713 vir.
594 672 746 713 Genius

149 731 290 781 cuique
308 730 459 770 homini
478 728 574 770 suus.
595 740 686 781 403.
707 739 743 780 ς.

148 787 299 827 Genius
346 785 545 826 familiaris
590 788 745 826 Numae

148 855 311 881 coenam
330 841 571 897 magnificam
593 855 641 881 ex
654 852 746 880 tem·

151 910 248 950 pore
265 898 436 939 adornat.
569 901 662 951 364-
680 909 697 938 1
708 908 742 938 1-

94 955 295 994 Gentilitia
315 952 423 996 sacra.
448 965 568 1008 2190.
588 966 627 1008 3.
667 949 746 992 vise

149 1022 190 1050 et
211 1012 334 1050 Sacra.
362 1008 368 1012 ’

93 1068 172 1120 Cn.
210 1067 406 1107 Genucius
443 1064 531 1105 trib.
571 1065 623 1117 pl.
660 1076 744 1104 rem

146 1123 333 1175 agrariam
367 1123 458 1162 totis
485 1122 592 1161 virib.
621 1131 744 1174 vrget.

148 1184 268 1232 1845.
302 1191 336 1221 1.
383 1178 511 1230 pridie
540 1190 655 1229 quam
684 1188 751 1229 res·

145 1235 294 1288 agraria
314 1232 651 1282 decidendaesset,
671 1234 743 1278 do·

144 1292 199 1330 mi
216 1289 306 1329 suae
325 1291 368 1330 in
389 1290 488 1330 lecio
502 1300 673 1329 mortuus
687 1301 749 1337 ref

145 1347 310 1398 peritur.
338 1353 453 1400 1847.
473 1359 533 1388 10.
559 1346 668 1386 Idem
688 1345 743 1385 di-

144 1398 254 1453 verso>
276 1403 532 1454 praenomine
554 1402 662 1443 Cuius
688 1401 743 1440 di-

144 1459 251 1506 citur,
276 1468 315 1498 et
330 1460 577 1511 patriciorum
599 1456 741 1497 infidiis

144 1514 245 1564 clam
268 1526 292 1552 e
310 1513 439 1553 medio
462 1512 627 1553 subiatus
646 1514 743 1552 affir-

141 1580 278 1609 matur.
297 1582 416 1622 2094.
428 1583 465 1623 9.
498 1575 549 1611 At
569 1584 603 1621 p.
621 1577 738 1621 1817.

145 1637 207 1678 13.
244 1627 291 1664 T.
311 1627 510 1666 Genucius
529 1626 614 1664 trib.
634 1624 738 1677 pleb.

141 1682 280 1734 Titum.
302 1683 535 1722 Menenium
574 1681 624 1720 ob
655 1694 738 1721 rem

141 1738 245 1777 male
273 1737 417 1790 gestam
447 1739 490 1777 in
520 1739 656 1790 popuii
686 1736 743 1775 iuss

143 1791 738 1848 dicium-vocasselegitur-,Apud

139 1849 292 1889 Liuium
321 1862 437 1888 vnum
459 1848 573 1888 huius
591 1850 738 1888 tribuni

144 1917 383 1956 praenomen
403 1904 476 1952 est,
501 1905 630 1953 Titus,
656 1918 737 1944 non

146 1960 299 2010 Gnaeus,
327 1973 402 2000 nec
421 1962 543 2001 Caius.
736 1955 743 1963 ²

86 2017 144 2067 M.
166 2018 365 2058 Genucius
386 2015 530 2058 consul.
560 2021 678 2068 2287.
702 2026 738 2067 5.

143 2085 212 2123 pro
232 2071 360 2112 senatu
381 2073 427 2112 ad
451 2073 594 2111 tribuni
614 2071 738 2123 plebis

142 2127 469 2181 expostulationes
480 2141 578 2181 quae
587 2125 740 2179 respon-

142 2186 256 2227 derit.
568 2195 689 2237 2297.
702 2195 739 2235 4,

91 2240 142 2290 T<
158 2240 361 2289 Genucius,
392 2244 449 2282 M.
475 2241 645 2281 Genucii
666 2238 738 2280 sra-

146 2306 215 2334 ter.
235 2307 350 2348 2294.
363 2302 398 2345 8.
414 2308 474 2338 11.
496 2293 629 2345 consul
648 2294 740 2335 defi-

143 2362 295 2403 gnatur.
318 2354 437 2405 2136.
462 2364 524 2394 10.
559 2366 631 2405 pro
651 2365 742 2391 con-

143 2406 228 2446 sule
239 2417 386 2446 creatur
401 2408 742 2459 decemuir-2141.

143 2474 209 2503 12.
258 2462 308 2502 de
341 2462 583 2503 tribunorum
610 2462 733 2515 postu·

140 2519 227 2557 latis
265 2532 379 2570 quam
415 2519 554 2559 dixerit
590 2518 742 2559 senten-

145 2576 248 2613 tiam.
266 2587 385 2626 2302.
409 2587 469 2628 13.
517 2577 580 2614 De
598 2578 646 2614 T.
666 2577 741 2614 Ge-

143 2632 257 2671 nucio
304 2631 459 2671 tribuno
503 2632 556 2684 pl.
596 2631 741 2671 diuum

932 113 987 152 M.

862 222 979 277 paulo
1016 232 1108 262 ante
1146 224 1187 263 iu
1220 222 1294 265 Cn.
1323 224 1455 264 Genu.

859 292 930 318 cio.

803 334 1000 389 Geryonis
1028 333 1149 374 boues
1168 335 1289 388 abigit
1310 337 1454 374 Hercu·

855 393 922 431 les.
1146 397 1260 443 987.
1285 403 1452 444 107-10.

800 447 950 495 Glanis,
966 447 1204 498 Campaniae
1217 448 1252 485 fl.
1265 459 1454 499 retrogra-

857 504 909 544 do
928 514 1057 544 meatu
1076 502 1168 542 fluit.
1258 514 1372 556 1317.
1389 513 1451 555 15.

801 562 846 604 C.
867 559 1063 601 Gracchus
1089 560 1132 597 in
1160 557 1352 597 trIbunatu
1378 568 1453 596 tur-

856 617 923 656 bat
974 615 1138 666 reipubl.
1191 613 1451 652 concordiam.

857 676 952 716 260.
972 684 1008 712 2.
1025 671 1097 711 Est
1117 669 1316 711 Gracchus
1334 670 1453 708 etiam

855 741 1093 782 praenomen
1114 727 1280 770 Cloelii:
1303 725 1354 765 de
1373 736 1452 776 quo

853 784 919 826 suo
946 787 1032 825 ioco
1052 784 1207 823 dicium.

802 842 1067 885 Graecanicae
1106 840 1219 879 vrbes
1256 837 1298 877 in
1328 835 1452 877 Italia.

850 911 973 952 2135.
999 910 1059 952 12.
1108 894 1372 937 Graecanicae
1398 890 1453 931 fa-

854 955 983 994 bulae.
1309 959 1400 1002 277.
1412 950 1451 991 6.

802 1011 942 1053 Graeci
967 1022 1043 1061 qua
1068 1020 1111 1047 re
1131 1004 1311 1047 differant
1330 1019 1351 1044 a
1370 1004 1454 1043 bar·

853 1067 965 1107 baris.
994 1077 1085 1117 232.
1115 1076 1150 1105 1.
1213 1063 1453 1103 Graecorum

855 1123 971 1177 primi
999 1123 1040 1162 in
1069 1119 1217 1160 Italiam
1235 1119 1453 1171 migrarunt

858 1178 1043 1222 Arcades.
1063 1189 1127 1229 30.
1144 1188 1177 1218 1.
1197 1186 1219 1228 3
1231 1187 1263 1216 1.
1275 1188 1313 1227 4.
1333 1174 1451 1214 Grae·

856 1248 985 1276 corum
1022 1230 1189 1272 secunda
1226 1232 1268 1270 in
1303 1229 1451 1269 Italiam

853 1291 1016 1347 colonia.
1034 1303 1099 1343 45.
1113 1300 1150 1341 4.
1171 1289 1295 1328 tertia.
1309 1292 1371 1334 80.
1389 1296 1450 1338 13.

852 1358 996 1401 quarta,
1019 1350 1079 1395 86.
1093 1344 1130 1383 b.
1145 1346 1180 1387 6.
1199 1344 1345 1396 quinta.
1361 1353 1377 1384 1
1390 1352 1449 1382 12.

851 1409 889 1449 6.
926 1405 1097 1443 Graecae
1119 1402 1294 1440 ciuitates
1316 1408 1449 1437 omnes

851 1458 937 1501 suos
974 1458 1149 1512 fingulae
1185 1467 1299 1508 reges
1332 1451 1450 1493 habe-

852 1517 960 1556 bant,
984 1525 1101 1567 1023.
1119 1513 1188 1564 vlt.
1215 1514 1450 1551 Graecorum

850 1572 1105 1624 imperiorum
1150 1582 1239 1608 cum
1274 1572 1450 1608 Romano

853 1629 1023 1668 collatio.
1055 1634 1088 1675 8.
1114 1637 1175 1667 ΙΙ.
1224 1623 1361 1663 Graeci
1392 1632 1449 1659 re-

852 1681 1033 1738 prehenii
1062 1681 1112 1720 ob
1141 1690 1362 1721 exterorum
1381 1676 1451 1714 ho-

851 1740 991 1793 spitum
1067 1735 1449 1777 exterminationem.

850 1809 942 1849 270.
964 1808 1002 1838 2.
1040 1808 1061 1833 a
1078 1793 1233 1835 Graecis
1255 1792 1364 1844 leges
1383 1800 1450 1840 pe·

852 1863 940 1892 tunt
954 1852 1182 1892 Romani.21
1192 1855 1446 1903 30.10.2135.

1385 1911 1448 1942 11.

795 1962 1047 2018 Gymnasium
1068 1960 1293 1999 iuuentutis.
1310 1963 1444 2008 875.1.

849 2017 1052 2072 Gymnafia
1100 2017 1200 2055 tollit
1250 2023 1446 2067 tyrannus.

1279 2081 1393 2121 1332-
1408 2080 1446 2108 2.

796 2130 977 2187 Gymnici
998 2127 1091 2168 ludi.
1280 2125 1444 2178 148516·

1093 2241 1145 2281 H.

795 2354 958 2397 Habitus
999 2351 1173 2406 lugubris
1210 2362 1280 2390 ceu
1317 2359 1447 2401 poena

853 2410 1030 2464 gestatur.
1248 2407 1363 2458 1615-
1380 2415 1444 2444 12.

798 2467 1020 2507 Haemonia
1052 2464 1164 2511 olim,
1205 2474 1306 2513 quae
1337 2470 1446 2498 nunc

852 2520 1162 2572 Theffalia.46.6.
1180 2518 1444 2571 153.5.236.1.

796 2580 933 2629 Halie,
969 2577 1080 2618 Tulli
1106 2575 1326 2629 terrigenae
1356 2569 1445 2664 filjla.

1300 2640 1398 2682 70.v
1418 2637 1443 2663 t.

917 2692 954 2730 T
967 2699 980 2729 t
1004 2702 1033 2742 4
1305 2681 1445 2724 Hastae
