1751 3154
808 96 1189 163 tu'onx

376 247 447 278 mo
466 232 626 276 dicendi
646 242 806 288 genere.
829 242 919 286 133.
937 243 977 285 4.

381 291 568 346 periodos
589 291 723 342 quales
743 286 979 330 conseetatus

380 346 577 389 isocrates.
595 349 690 400 964.
711 357 746 400 3.
795 344 982 397 periodo-

381 418 466 445 rum
494 399 700 443 numerosa
725 402 981 449 concinnitas,

383 460 599 513 diligente-c
616 459 663 498 ab
674 455 838 499 Isocrate
860 453 984 495 obser-

381 527 479 556 vata.
500 522 590 569 538.
613 527 706 567 pen.
732 513 983 565 periodorum

380 583 424 611 et
459 571 721 612 membrorum
757 571 840 609 eius
879 568 984 607 varia

383 627 490 681 apud
515 625 718 670 Demosth.
758 625 809 665 est
845 623 983 664 forma-

381 685 452 725 ti0.
490 694 609 726 1111.
637 695 674 737 ς.
730 681 984 734 periodorum

382 738 636 794 Thucydidei
673 739 865 791 prooemii
899 748 985 775 exa·

382 807 492 836 men.
528 796 617 838 166.
648 797 688 837 6.
732 793 989 847 periodorum

382 852 557 892 variatio.
575 862 668 904 213.
688 860 724 902 3.
749 861 840 899 pen.
860 848 988 899 perio-

384 908 529 946 dorum
577 907 621 945 in
660 904 795 943 orbem
828 903 982 943 duetus.

386 970 481 1016 558.
507 975 547 1015 9.
599 959 851 1012 periodorum
884 960 990 998 inae·

386 1018 565 1070 qualitas.
592 1020 681 1068 169.
703 1026 795 1068 pen.
832 1013 990 1067 periodi

386 1074 486 1113 iusta
512 1072 757 1127 magnitudo.
811 1081 899 1124 171.
926 1070 989 1109 vlt.

385 1128 543 1183 periodi
600 1127 804 1167 historicae
849 1125 989 1166 forma.

392 1198 512 1237 1030.
535 1190 570 1233 8.
589 1185 839 1237 periodorum
857 1194 993 1221 nume-

392 1239 475 1282 rosa
502 1241 744 1279 concinnitas
775 1240 815 1278 in
836 1237 992 1277 historia

386 1311 472 1338 non
500 1297 613 1337 nimis
630 1297 747 1336 auxie
766 1292 990 1334 aflefflnda.

384 1359 480 1408 787.
505 1365 537 1395 1.
582 1352 836 1406 periodorum
865 1351 991 1390 exitus

392 1410 434 1449 in
456 1409 580 1462 polita
608 1405 992 1458 etfloridacompofi·

390 1466 504 1505 tione
524 1466 670 1516 quales.
697 1477 785 1517 172.
805 1476 842 1515 4.
863 1463 992 1515 perio-

389 1521 531 1561 dorum
580 1519 836 1561 conformatio
862 1518 992 1559 fimilis

386 1575 567 1617 offendit.
606 1583 700 1630 781.
718 1591 755 1630 5.
816 1574 992 1627 periodis

1089 233 1237 285 quales.
1270 232 1367 287 496.
1398 243 1436 288 5.
1495 231 1694 286 peroratio

1089 290 1200 341 quali
1230 289 1413 328 diffionis
1439 300 1591 343 genere
1610 302 1696 343 per-

1090 357 1244 386 texatur
1280 359 1301 385 a
1338 344 1455 398 Lylia.
1503 357 1597 398 470.
1632 357 1695 387 10.

1090 399 1406 453 perorationi-bus
1438 414 1542 453 quae
1562 401 1697 440 dicen-

1095 458 1137 497 di
1159 456 1283 497 forma
1303 457 1490 497 tribuatur
1508 471 1529 496 a
1550 459 1698 497 Demo-

1094 513 1246 554 sthene.
1468 516 1586 566 1096.
1601 524 1699 566 pem

1038 570 1228 621 Perplexa
1249 567 1377 608 difflo.
1399 573 1491 622 893.
1518 572 1579 612 16.
1613 582 1700 621 per·

1090 628 1254 679 plexum
1291 634 1331 664 et
1362 625 1587 664 inuolutum
1608 638 1700 664 ora-

1099 682 1217 721 tionis
1235 678 1400 720 schema.
1520 692 1616 734 935.
1634 693 1696 722 10.

1014 797 1017 801 ¹
1042 735 1201 787 Persae,
1243 736 1326 789 post
1348 736 1549 776 ademtum
1567 736 1702 780 Medis

1098 794 1321 846 imperium,
1346 806 1548 845 nunquam
1571 806 1591 831 a
1619 792 1703 832 bel-

1098 851 1144 889 lis
1169 850 1499 901 conquieuerunt.
1524 856 1639 900 1084.
1664 860 1700 900 5.

1099 904 1298 946 Persarum
1319 906 1496 944 triremes
1513 917 1616 951 mcc,
1642 903 1701 944 :ad

1099 962 1338 1001 Salaminem
1359 962 1489 1000 viciae.
1511 968 1701 1010 1080-10.

1096 1017 1246 1057 Perfiae
1261 1030 1340 1064 rex,
1352 1017 1570 1056 communis
1582 1017 1700 1055 Grae-

1101 1086 1236 1112 corum
1252 1073 1379 1113 hostis.
1398 1085 1542 1126 2941.
1566 1084 1700 1126 3ς2.3.

1100 1127 1300 1169 Persarum
1327 1142 1396 1169 rex
1422 1130 1596 1181 pecuniis
1625 1126 1702 1167 fuis

1102 1186 1197 1224 emit
1231 1187 1469 1225 Graecorum
1511 1195 1702 1236 quotquot

1101 1242 1183 1280 vult
1209 1253 1382 1292 corpora.
1413 1252 1503 1292 522.
1524 1253 1563 1293 7.
1613 1252 1701 1280 cum

1100 1294 1298 1338 ‘Persarum
1325 1308 1424 1349 rege
1451 1296 1592 1347 quibus
1611 1308 1702 1334 con-

1098 1352 1311 1393 ditionibus
1329 1365 1400 1403 pax
1420 1351 1526 1391 faeta.
1551 1363 1640 1405 573.
1663 1364 1700 1404 3.

1097 1408 1250 1450 Pei-fiae
1280 1408 1379 1447 fines
1398 1405 1515 1459 Vsque
1533 1407 1583 1446 ad
1601 1408 1703 1447 Iouis

1101 1466 1303 1506 aetherem
1322 1464 1540 1503 extendere
1556 1466 1702 1503 Xerxes

1103 1523 1261 1576 cogitat.
1290 1522 1409 1570 1086.
1431 1534 1469 1575 4.
1509 1519 1703 1561 Peisrcum

1100 1578 1264 1618 bellurn.
1558 1586 1652 1629 770.
1664 1587 1702 1628 9.

1047 1631 1226 1675 Perseum
1248 1634 1289 1672 in
1309 1632 1418 1671 cunis
1438 1631 1651 1672 vtassocuta
1662 1629 1706 1670 fit

1104 1691 1240 1729 Danae
1259 1687 1496 1727 Simonidea.
1557 1698 1650 1728 222.
1664 1698 1701 1739 3.

1049 1741 1217 1786 Persona
1236 1743 1398 1782 dicentis
1413 1743 1579 1782 orationi
1599 1743 1703 1781 mul-

1105 1812 1187 1839 tum
1206 1799 1327 1847 addit,
1347 1800 1408 1838 vel
1419 1796 1703 1851 detrahit.408.

1106 1868 1143 1909 3.
1182 1852 1372 1906 personae
1391 1855 1528 1894 vari-ae.
1549 1858 1642 1906 276.
1663 1856 1701 1896 6.

1104 1910 1357 1964 personarum
1397 1910 1615 1950 mutatione
1646 1907 1704 1949 of·

1098 1967 1287 2007 senlionis
1305 1967 1522 2018 periculum
1541 1966 1703 2004 amoliri.

1100 2036 1194 2077 347.
1209 2031 1244 2073 8.
1268 2020 1515 2075 personarum
1540 2020 1704 2060 auerfio·

1099 2092 1184 2118 nes,
1207 2091 1300 2132 79²·
1328 2092 1366 2120 2.
1418 2076 1605 2130 personae
1632 2089 1702 2127 pro

392 1633 555 1685 quando
575 1633 776 1680 mendum,
795 1643 835 1670 et
855 1627 993 1683 quous-

391 1701 482 1741 que.
505 1700 569 1741 51.
590 1699 654 1730 12.
672 1686 828 1742 periodi
848 1684 992 1735 τρικωθω

393 1745 630 1795 exemplum.
852 1754 871 1785 1
883 1754 943 1795 19.
956 1754 992 1794 3.

334 1800 590 1853 Peripatetica
628 1796 872 1850 philosophia
908 1810 995 1837 non

350 1889 355 1907 ,ἵ
392 1856 597 1907 complexa
621 1854 676 1894 est
703 1854 835 1894 omnia
862 1853 995 1893 dicen-

392 1911 435 1952 di
453 1920 671 1968 praesepta.
693 1920 786 1961 722.
806 1922 845 1963 9.
889 1910 992 1962 peri-

388 1968 650 2021 pateticorum
687 1967 870 2019 princeps
904 1967 992 2007 Ari-

392 2023 561 2064 stoteles.
580 2034 673 2076 444.
686 2035 722 2075 9.
744 2021 991 2074 peripatetici

387 2079 588 2121 Aristoteli
618 2078 811 2118 conditori
836 2075 903 2116 suo
931 2078 990 2117 ni-

388 2137 512 2175 mium
532 2135 717 2174 tribuunt.
840 2144 986 2186 719.4.
1097 2135 1214 2175 rebus
1245 2135 1446 2186 vsurpatae
1474 2147 1496 2172 a
1517 2131 1699 2185 Thucyd.

335 2187 570 2242 Periphrafis
601 2189 769 2229 obscura.
805 2195 896 2242 392.
925 2201 987 2231 12.
1557 2194 1702 2241 8035.

389 2244 632 2298 periphrases
653 2247 987 2299 poeticae.929.8.
1043 2244 1294 2297 perspicuitas
1320 2245 1485 2296 duplex;
1523 2246 1639 2284 altera
1657 2243 1700 2282 iti

389 2300 659 2354 Periphrasews
686 2302 910 2352 exemplum
936 2314 988 2341 ex
1100 2301 1234 2348 verbis,
1249 2302 1366 2340 altera
1380 2302 1420 2339 in
1434 2301 1698 2351 rebus.461.4.

389 2357 572 2411 Thucyd.
815 2369 987 2408 794-10.
1041 2355 1302 2398 Pei-suadendi
1340 2357 1395 2395 vis
1421 2367 1466 2395 et
1492 2354 1702 2407 probabili-

334 2414 496 2455 Periurii
528 2425 631 2452 noxa
658 2411 700 2451 in
725 2411 988 2464 posteritatem
1096 2422 1151 2452 tas
1188 2413 1293 2465 apud
1332 2411 1481 2465 Lysiam
1517 2412 1699 2451 maxima.
1732 2428 1734 2435 ,

392 2480 637 2522 propagatur.
845 2474 937 2519 503.
952 2481 988 2520 ς.
1550 2478 1644 2521 471.
1662 2478 1699 2511 1.

336 2525 596 2568 Per-orationis
624 2523 802 2563 officium.
835 2536 926 2576 394.
952 2535 988 2564 1.
1044 2528 1116 2565 Pes
1128 2524 1695 2577 etNumer-us,idem.104.pen.

392 2581 652 2634 perorationis
684 2580 783 2618 vitia.
825 2592 918 2630 393.
950 2585 987 2626 8.
1099 2580 1221 2631 pedes
1240 2578 1413 2632 disyllabi
1432 2581 1515 2630 qui,
1544 2590 1585 2618 et
1602 2591 1696 2630 quo·
1729 2625 1731 2629 ι

384 2638 657 2690 'perorationes
699 2634 801 2689 apud
838 2633 986 2688 Lysiam
1094 2636 1215 2677 modo
1227 2634 1422 2676 differant.
1439 2648 1530 2690 104.
1545 2636 1608 2676 vlt.
1626 2647 1697 2730 ge·
1728 2673 1729 2690 χ

762 2711 766 2715 ·
804 2712 807 2715 ·
1655 2702 1697 2730 es
