1751 3154
528 156 570 196 ‘R
627 153 745 196 EvR
803 151 843 193 V
899 151 961 192 M.

260 267 415 332 „V-

64 381 185 425 Varie
206 379 348 421 dicere.
367 391 564 434 412.pen.
585 384 720 432 4138.

112 438 294 486 'Varietas
341 437 554 476 diclionem
594 446 719 475 ornat.

87 501 91 504 ’
115 506 211 559 944.
237 496 298 535 16.
329 495 489 532 varietas
511 504 548 531 vt
566 491 606 530 in
625 491 720 538 aliis,

115 561 169 589 ita
207 551 322 589 etiam
362 549 403 588 in
442 547 722 600 compositione

119 606 294 646 delectat.
334 617 424 658 129.
448 617 508 647 12.
543 616 632 658 133-
655 616 719 645 12.

120 663 280 701 variatio
303 661 469 701 delectat
489 661 655 700 etiamin
667 658 724 697 hi-

121 718 244 757 storia.
498 728 592 770 772.
606 727 642 756 2.
660 727 677 757 1
688 726 721 757 1-

63 807 184 858 Vates
215 815 309 844 ante
334 798 558 856 responsum
584 803 722 844 securi-

120 873 237 902 tatem
255 861 323 901 fibi
343 861 552 914 stipulatur.
576 872 670 914 345.
684 873 721 915 5.

64 954 227 993 Venum
247 951 356 992 datur
374 962 473 990 reus.
549 951 642 1002 617.
659 961 720 991 12.

64 1027 221 1075 Venti-e
248 1025 385 1078 lugere
412 1021 621 1062 defunctos
638 1034 721 1060 non

118 1077 327 1133 poffumus.
522 1090 615 1132 371.
627 1091 721 1130 pen.

63 1155 202 1195 Venus
230 1167 252 1193 a
271 1150 485 1218 §apphone
505 1151 722 1199 inuocatui·.

556 1208 722 1261 173.vlt.

62 1281 222 1329 Venus,
251 1279 405 1319 bellicis
424 1281 596 1334 negotiis
616 1278 725 1320 omis-

120 1336 185 1386 sis,
225 1337 415 1388 nuptialia
434 1337 595 1376 traftare
615 1335 724 1375 iube-

118 1404 188 1432 tur.
222 1404 338 1445 10²5·
369 1405 462 1444 pen.
521 1395 723 1433 Vener-eo-

119 1462 205 1489 rum
227 1461 385 1501 quoque
396 1447 557 1488 satietas.
578 1459 720 1503 7729.

658 1517 722 1547 10.

64 1579 243 1621 Veneres
263 1576 437 1628 dicendi,
455 1576 588 1632 Lysiae
604 1589 727 1629 pecu-

121 1635 246 1673 liares.
581 1646 674 1687 477.
687 1647 724 1677 2.

66 1707 183 1747 Veris
211 1705 355 1746 laudes.
381 1717 474 1759 229.
498 1717 533 1748 1.
583 1719 651 1746 ver
676 1720 724 1748 ex

122 1775 229 1801 anno
249 1774 462 1803 exemtum.
579 1774 724 1817 7341·

65 1833 290 1875 Verborum
310 1845 348 1874 et
367 1833 650 1875 sententiarum
672 1834 727 1876 af·

122 1889 264 1930 finitas.
297 1903 359 1932 11.
388 1893 452 1929 vlt.
501 1891 616 1930 vei-ba
641 1890 726 1930 sen-

122 1948 270 1985 tentiae
291 1944 452 1998 obsequi
467 1946 628 1995 debent,
640 1960 725 1987 non

123 2001 318 2042 sententia
366 2003 506 2042 verbis.
558 2015 650 2057 559.
687 2016 725 2045 2.

119 2058 237 2098 verba
282 2057 398 2098 rebus
443 2057 632 2100 inseruire
663 2059 728 2100 de-

120 2114 230 2163 bent,
252 2128 334 2154 non
356 2128 415 2154 res
435 2116 571 2157 verbis.
592 2119 728 2169 4631

123 2170 243 2210 verba
261 2171 376 2210 rebus
398 2171 615 2223 aequanda.
631 2181 726 2225 782.

125 2239 163 2270 1.
218 2227 381 2267 verbum
411 2241 529 2267 vnum
551 2230 728 2280 pluribus

128 2295 203 2335 per
232 2281 447 2324 sententiae
477 2286 728 2324 circumlocu-

125 2339 278 2377 tionem
302 2342 528 2380 enunciare.
556 2353 652 2395 794.
689 2348 726 2390 g.

123 2394 254 2434 verbis
292 2395 463 2447 pluribus
490 2411 604 2437 vnam
638 2411 727 2437 ean-

125 2450 298 2502 demque
316 2464 398 2490 rem
423 2450 729 2505 significarecur

126 2507 330 2546 Demosth.
375 2519 416 2546 et
451 2510 512 2548 alii
543 2522 728 2549 nonnun-

126 2575 244 2613 quam
266 2561 426 2602 soleant.
450 2577 464 2606 1
479 2577 566 2617 127.
584 2578 621 2619 9.
647 2581 732 2606 ver-

125 2617 183 2656 bis
202 2619 431 2672 paucissimis
443 2619 729 2674 fignificareres

833 262 1032 316 plurimas.
1063 271 1162 317 792.
1187 261 1256 304 vlt.
1307 260 1440 303 verbis

804 370 806 372 .
832 319 1000 371 exprimi
1014 319 1205 371 quaedam
1218 330 1440 370 nequeunt,

834 373 902 414 sed
940 373 1105 415 semibus
1140 386 1288 415 tantum
1316 375 1440 428 perci·

830 433 1002 485 piuutur.
1022 444 1116 484 474.
1138 445 1172 484 5.
1220 431 1342 471 verba
1364 432 1437 470 arti

833 498 873 528 et
920 487 1146 539 professioni
1190 489 1333 540 cuique
1373 484 1439 527 sua

832 541 922 582 sunt
969 555 1010 582 et
1049 546 1220 597 propria.
1271 550 1365 598 384.
1399 547 1440 586 6.

836 599 958 640 verba
976 601 1136 651 pulchra
1159 613 1269 652 quae.
1297 612 1385 642 101-
1401 611 1440 652 5.

833 657 878 696 iu
911 656 1118 697 verborum
1147 657 1300 696 delefiiu
1341 665 1442 707 quot

835 722 878 752 et
915 711 1056 764 quibus
1088 713 1214 760 modis
1238 724 1438 764 peccetur.

836 776 930 823 382.
952 781 988 821 3.
1033 769 1243 808 verborum
1262 768 1440 807 delefflus

829 837 871 864 et
893 826 1095 864 collocatio
1115 826 1158 864 in
1179 823 1334 863 historia
1346 837 1436 875 qua·

834 882 881 920 lis
921 881 1156 933 potiffimum
1182 880 1441 920 commende·

836 948 909 976 tur.
931 948 1026 990 779.
1045 951 1082 991 4.
1106 937 1314 984 verborum
1334 936 1442 975 dele-

834 994 914 1032 c‘ius
951 993 1054 1045 apud
1085 993 1264 1045 Thucyd.
1301 992 1440 1043 qualis.

832 1060 928 1103 790.
953 1061 1016 1091 12.
1063 1061 1086 1088 e
1106 1048 1234 1089 verbis
1256 1047 1444 1100 compoli-

832 1117 892 1145 tus
913 1104 1044 1144 homo.
1069 1109 1188 1158 1064.
1213 1117 1275 1146 10.
1313 1103 1442 1143 verbis

834 1173 1012 1202 veterum
1052 1162 1139 1213 plus
1181 1162 1307 1201 inerat
1335 1160 1441 1209 fidei,

836 1231 955 1270 quam
973 1219 1237 1258 recentiorum
1250 1219 1443 1256 iuramen-

839 1276 899 1316 tis.
924 1286 1016 1329 545.
1037 1286 1098 1317 11.
1147 1272 1279 1314 Verba
1297 1285 1441 1320 rerum,

835 1331 1084 1377 accidentia;
1130 1330 1314 1377 nomina,
1357 1326 1443 1368 sub-

835 1386 1010 1426 stantiam
1031 1385 1263 1440 fignificant.
1290 1398 1355 1440 33.
1379 1396 1440 1426 11-

836 1444 1046 1483 verborum
1067 1443 1299 1483 accidentia.
1323 1452 1443 1493 1115.

842 1511 903 1541 12.
953 1497 1073 1538 verbo
1123 1498 1306 1537 accidunt
1345 1497 1437 1537 duo.

843 1568 962 1598 1101.
985 1567 1024 1609 7.
1048 1561 1083 1604 8.
1115 1554 1326 1594 verborum
1348 1553 1444 1592 acci-

837 1612 970 1651 dentia
997 1611 1162 1658 mutari,
1200 1608 1316 1662 saepe
1344 1622 1445 1648 com-

830 1667 1076 1734 positionem
1115 1667 1233 1706 iuuat.
1281 1678 1348 1721 41.
1378 1666 1444 1704 vlt.

838 1723 1046 1763 verborum
1083 1722 1279 1771 mutatio,
1323 1721 1446 1761 recic-

835 1793 920 1820 rum
938 1777 1081 1818 scilicet
1097 1779 1137 1818 in
1156 1776 1301 1831 supina,
1312 1789 1350 1817 et
1360 1778 1444 1816 vice

837 1833 952 1882 versa,
984 1833 1099 1886 saepe
1119 1834 1444 1887 compositionem

836 1892 1002 1931 adiuuat.
1029 1902 1094 1944 41.
1120 1902 1180 1932 12.
1235 1890 1353 1932 verba
1374 1903 1446 1928 no·

837 1946 1010 1987 minibus
1031 1975 1035 1979 -
1055 1946 1298 1999 quandoque
1334 1958 1445 1999 prae·

840 2014 1041 2055 ponuntur
1068 2005 1111 2042 in
1138 2002 1325 2042 orationis
1355 2015 1446 2042 con·

840 2070 960 2099 textu.
982 2071 1047 2112 34.
1061 2071 1124 2101 10.
1144 2059 1260 2098 verba
1276 2059 1377 2100 re&a
1391 2072 1443 2098 an

837 2116 994 2159 inflexis
1010 2145 1019 2163 ,
1062 2128 1102 2154 et
1121 2113 1271 2154 finitiua
1290 2128 1338 2154 an
1360 2113 1445 2153 infi-

841 2172 978 2212 nitiuis
1013 2168 1164 2224 semper
1191 2172 1235 2210 in
1266 2172 1445 2210 oratione

840 2238 1143 2279 praeponantur.
1165 2239 1228 2280 37.
1249 2241 1340 2278 pen.
1361 2240 1446 2266 ver-

839 2284 886 2323 ba
908 2283 1103 2324 aduerbiis
1113 2297 1160 2322 an
1177 2282 1329 2335 semper
1339 2295 1447 2334 prae-

836 2350 1037 2394 ponantur
1065 2340 1106 2378 in
1141 2340 1326 2378 orationis
1353 2352 1446 2379 con-

840 2407 958 2436 textu.
985 2408 1049 2448 34.
1070 2398 1133 2434 vlt.
1184 2396 1300 2434 verba
1322 2396 1447 2435 nomi-

839 2454 917 2493 nali
957 2450 1083 2491 forma
1123 2452 1225 2504 apud
1258 2452 1444 2506 Thucyd.

841 2510 1058 2548 enunciata.
1078 2520 1171 2560 795.
1186 2515 1220 2557 8.
1241 2509 1356 2548 verba
1373 2522 1446 2561 pro

839 2565 1068 2607 nominibus
1090 2561 1273 2618 vsurpata.
1291 2568 1386 2619 796.
1404 2568 1445 2609 6.

1379 2632 1440 2672 13.

900 2679 998 2720 Eee
1027 2690 1055 2731 4
1323 2689 1348 2717 e
1370 2679 1443 2720 Ve-
