1751 3154
822 91 1203 133 1NDEx

324 203 453 247 Cin&
477 202 674 244 certabant
694 199 804 256 prisci
822 201 972 242 heroes.

805 271 822 306 1
859 263 922 308 36.
938 271 971 299 1.

324 314 450 363 Circe,
469 315 568 356 Solis
588 313 680 366 filia,
697 313 760 353 vbi
779 275 970 354 balium-it.

377 384 513 427 7949.
524 372 658 412 Circes
668 383 717 410 ex
727 367 862 424 Vlyss'e
873 370 971 409 filius

377 430 623 482 Telegonus.
773 439 865 480 753.
878 440 969 478 pen.

321 481 467 525 Circeii
499 498 520 523 a
547 497 628 535 quo
659 493 700 522 et
726 481 790 522 vbi
809 484 971 531 conditi,

372 541 478 582 vnde
496 540 588 579 item
607 539 861 578 denominati.
876 551 971 592 794.

375 612 413 651 ς.
462 595 606 637 Circeii
633 596 785 638 Marcio
827 592 865 634 se
908 595 973 633 de-

373 654 482 693 dunn
798 662 970 704 1531.4.

319 706 527 754 Circenses
545 705 636 746 ludi.
829 720 919 760 302.
931 720 969 760 7.

304 760 548 813 'Circum-es,
588 769 767 815 περίπολοι.
812 773 902 816 524.
931 775 968 815 4.

799 822 967 869 17826.

317 878 585 920 Circumarare
610 887 686 913 vno
715 872 835 913 boum
860 876 968 927 iugo.

370 946 511 988 9023.
535 946 567 970 v.
587 931 703 970 etiarn
723 941 861 982 p.923.
878 943 939 982 13.

314 991 461 1037 Circus,
472 986 683 1033 ἱππόδρομος.
695 997 787 1036 203.
803 998 820 1027 1
834 998 863 1026 1.
875 998 969 1037 205.

368 1050 407 1090 6.
448 1046 586 1086 Circus
605 1043 804 1080 maximus.
819 1054 910 1094 302.
925 1044 964 1084 6.

369 1102 509 1143 Circus
527 1094 714 1138 maximus
733 1111 754 1136 a
770 1097 969 1148 quoador-

365 1169 499 1207 natus,
540 1155 626 1203 vbi,
670 1163 711 1193 et
737 1166 814 1204 quo
835 1154 966 1196 modo,

370 1222 463 1270 582.
476 1227 512 1267 4.
533 1213 574 1251 in
591 1211 694 1251 Circi
714 1210 868 1249 maximi
886 1209 968 1250 fine

366 1270 484 1311 aedes
505 1267 670 1315 CereriS‚
689 1266 830 1314 Liberi,
850 1277 889 1305 et
908 1267 966 1306 Li-

363 1327 497 1366 berae.
796 1325 913 1364 1260.
929 1328 963 1369 8.

309 1382 536 1426 citharistae
555 1379 597 1418 in
617 1379 695 1418 lud.
715 1389 789 1419 vot.
804 1385 963 1430 1487.8.

793 1447 910 1487 1493·
926 1447 962 1486 3·

307 1496 427 1538 Ciues
437 1496 632 1534 Romanos
654 1501 693 1530 vt
711 1488 966 1531 diuiseritRo-

365 1552 506 1592 mulus.
524 1560 616 1603 251.
637 1560 696 1589 11.
717 1548 872 1589 Cinium
894 1559 963 1585 nu·

365 1620 535 1654 merum,
563 1603 706 1652 sexum,
737 1614 902 1642 aetatem
924 1612 961 1640 vt

363 1662 573 1715 explorarit
592 1661 671 1699 Ser.
682 1660 842 1698 Tullius.
865 1662 958 1710 674.

361 1733 454 1772 pen.
504 1717 661 1758 Cinium
691 1728 895 1754 numerum
924 1724 961 1752 vt

355 1775 508 1816 auxerit
520 1772 684 1812 Tullius.
698 1775 790 1824 690.
803 1772 864 1809 vlt.
897 1771 961 1810 Ci-

357 1833 460 1870 vium
491 1830 549 1868 ius
580 1828 737 1879 aequari
770 1828 849 1865 vult
867 1827 957 1865 Tul-

357 1888 441 1927 lius¹
456 1887 547 1939 659.
561 1891 595 1933 8.
609 1884 727 1924 Ciues
737 1883 956 1923 communia

290 1938 293 1941 ¹
357 1945 441 1983 iura
461 1954 561 1994 quae
583 1939 764 1981 habeant.
789 1950 903 1993 1402.
918 1952 955 1992 3.

355 2001 498 2041 ciuem
533 1996 736 2037 verberare
763 2009 842 2034 non
877 1996 954 2034 lici-

352 2068 446 2096 tum.
465 2060 657 2106 1851.11.
684 2052 792 2093 Ciuis
812 2051 952 2091 indicia

354 2108 478 2150 caufl'a
506 2109 631 2148 occidi
659 2122 727 2159 per
754 2109 863 2161 leges
885 2120 951 2146 ne-

352 2168 445 2219 quit.
470 2177 586 2218 1391.
604 2177 693 2216 pen.
724 2164 831 2205 Ciuis
849 2162 950 2203 filiae

348 2236 507 2263 manum
543 2222 704 2259 iniicere
734 2233 813 2258 non
844 2221 946 2259 licet.

349 2289 520 2330 2231.2.
563 2277 673 2316 Ciuis
694 2279 796 2314 Rom.
812 2289 944 2326 caupo(

346 2349 448 2382 nam,
473 2343 536 2372 aut
554 2345 790 2371 manuari-am
811 2342 945 2381 artem,

348 2402 530 2431 exercere
547 2401 630 2427 non
648 2397 808 2438 poterat.
826 2399 841 2427 1
852 2394 872 2436 g
885 2398 899 2426 1
913 2398 943 2426 ι.

342 2463 382 2500 4.
441 2446 549 2487 Ciuis
581 2441 749 2483 seruator
785 2454 943 2480 corona-

344 2516 418 2542 tur.
779 2502 889 2549 1569,
903 2510 941 2550 9,

344 2559 555 2602 Ciuitatem
568 2565 607 2598 vt
619 2552 790 2596 diuiserit
801 2556 939 2593 Romu·

343 2617 412 2655 lus.
793 2622 886 2662 250,
903 2621 936 2651 1,

1030 198 1191 248 Clafl'eS,
1221 204 1363 246 κλάσεις.
1408 205 1503 254 682.
1523 217 1562 246 2.
1583 215 1625 245 ot
1646 218 1684 258 5.

1084 254 1228 297 Claffes
1255 260 1511 299 centuriarum
1531 259 1590 300 sex
1602 274 1690 302 cen·

1081 308 1146 352 sus'
1164 313 1323 352 ratione
1352 330 1373 354 a
1393 317 1532 357 Seruio
1552 319 1688 358 Tullio

1081 368 1293 419 distiffiae,
1309 367 1375 409 suo
1388 374 1530 423 cuique
1542 373 1694 414 ordine

1085 435 1127 464 et
1153 426 1269 463 armis
1291 425 1492 480 affignatis.
1531 433 1624 482 677.
1648 443 1686 483 3.

1084 493 1203 534 1449.
1220 493 1280 522 10.
1301 481 1447 524 Claffes
1467 487 1507 524 in
1521 488 1687 526 comitiis

1087 537 1228 577 ordine
1250 551 1272 576 a
1297 552 1495 589 praecone
1518 544 1686 581 citantur

1083 593 1131 631 ad
1154 592 1314 632 ferenda
1333 595 1384 636 de
1407 595 1545 636 futuris
1566 596 1683 638 confl'.

1080 646 1267 702 suffragia.
1278 663 1356 704 203
1368 663 1406 702 Ι.-
1416 664 1474 693 10.
1488 653 1621 694 Claffis
1634 655 1685 694 vl-

1085 706 1202 745 timae
1227 719 1334 746 arma
1353 719 1392 747 et
1409 708 1529 749 locus.
1564 718 1682 760 1008.

1618 778 1679 808 10.

1028 816 1225 858 Clauditas
1245 819 1408 858 Horatio
1437 819 1484 860 ad
1514 819 1684 862 consula-

1082 882 1163 912 tum
1178 885 1217 912 et
1228 875 1412 915 militares
1422 876 1682 927 praefecturas

1080 929 1225 969 aditum
1244 931 1471 981 praecludit.
1510 941 1679 986 902.10.

1025 985 1188 1026 Claudia
1207 999 1324 1039 gens,
1366 1001 1389 1026 e
1413 990 1566 1042 Regillo
1588 992 1682 1043 (Sa-

1081 1039 1175 1080 bino
1188 1042 1351 1097 oppido)
1365 1045 1543 1085 oriunda.
1555 1059 1677 1100 2193.

1085 1107 1118 1137 1.
1149 1097 1316 1139 Claudia
1336 1099 1466 1139 tribus.
1505 1102 1677 1155 937.10.

1023 1156 1125 1204 App.
1140 1154 1326 1194 Claudius
1336 1155 1508 1204 Sabinus,
1529 1158 1677 1198 debito-

1079 1222 1164 1247 rum
1190 1210 1412 1261 remisiione
1441 1210 1676 1255 seditionem

1077 1277 1126 1304 ex
1146 1267 1235 1304 vrbe
1252 1267 1335 1305 tolli
1353 1279 1484 1320 negat.
1510 1282 1624 1322 1003.
1637 1286 1675 1324 4.

1074 1325 1178 1372 App.
1211 1322 1395 1362 Claudius
1406 1323 1568 1364 Sabinus
1589 1339 1677 1365 con·

1074 1374 1140 1416 sul.
1158 1390 1271 1431 1091.
1284 1392 1374 1430 pen.
1387 1393 1408 1418 a
1419 1382 1569 1435 collega
1581 1382 1677 1421 diffi-

1077 1433 1155 1471 det.
1179 1446 1297 1487 1093.
1325 1448 1385 1489 15.
1428 1436 1591 1490 inopum
1616 1452 1674 1477 ra-

1074 1488 1177 1528 biem
1197 1489 1308 1543 sugit.
1339 1503 1456 1534 1100.
1483 1506 1544 1536 11.
1583 1507 1671 1534 curn

1073 1546 1225 1599 collega
1245 1546 1293 1585 ob
1314 1561 1530 1599 pauperum
1548 1562 1671 1602 patro·

1074 1602 1219 1642 cinium
1237 1603 1458 1654 expostulat.
1477 1617 1590 1647 1101.
1605 1607 1667 1645 vlt.

1069 1655 1297 1696 Volscorum
1321 1673 1418 1702 CCC.
1443 1660 1590 1701 obfides
1618 1662 1668 1702 ob

1072 1715 1202 1766 gentis
1219 1714 1420 1765 perfidiam
1440 1714 1560 1756 securi
1581 1731 1668 1769 per-

1068 1771 1174 1808 cutit.
1200 1783 1215 1811 1
1232 1782 1314 1823 ¹09·
1335 1783 1395 1812 12.
1432 1774 1607 1827 collegae
1625 1776 1666 1814 in

1068 1824 1262 1877 triumpho
1310 1827 1556 1879 impetrando
1604 1829 1668 1869 ob-

1066 1881 1145 1920 stat.
1172 1894 1213 1922 11
1228 1894 1285 1929 10.
1305 1896 1343 1935 4.
1380 1884 1430 1923 de
1450 1885 1666 1925 domesticis

1066 1948 1106 1977 et
1141 1939 1311 1978 externis
1338 1939 1457 1980 turbis
1485 1939 1663 1982 sedandis

1066 2007 1181 2045 quam
1231 1993 1460 2043 sententiam
1511 1997 1661 2037 dixerit.

1067 2053 1185 2092 1126.
1213 2062 1250 2102 ς.
1301 2065 1322 2090 a
1352 2053 1509 2092 Valerio
1536 2055 1662 2105 plebis

1061 2104 1145 2144 osor
1166 2117 1204 2146 et
1216 2119 1423 2157 paucorum
1437 2108 1658 2148 dominatus

1058 2160 1187 2200 fautor
1206 2162 1430 2212 appellatur.
1458 2175 1574 2214 1172.
1595 2178 1656 2207 11.

1056 2215 1265 2270 magnifice
1286 2217 1335 2255 de
1356 2215 1391 2255 se
1403 2216 1523 2259 sentit.
1542 2232 1657 2274 1173.

1057 2283 1096 2325 7,
1141 2273 1186 2311 ad
1202 2273 1343 2311 Valerii
1367 2277 1655 2316 criminationes

1057 2325 1275 2378 resptmdet.
1323 2342 1436 2383 1173.
1479 2344 1538 2374 12.
1604 2333 1655 2372 de

1054 2383 1170 2435 plebe
1197 2384 1417 2425 reducenda
1437 2400 1550 2438 qnam
1574 2385 1655 2427 sen-
1710 2389 1715 2391 “
1749 2382 1751 2398 '

1056 2441 1215 2478 tentiam
1239 2441 1389 2481 tinxerit.
1406 2456 1419 2484 1
1434 2455 1520 2497 194.
1533 2447 1568 2485 6.
1598 2442 1650 2483 se·

1053 2493 1236 2534 cessurum
1267 2498 1462 2548 postulatis
1479 2499 1649 2552 refraga-

1054 2562 1122 2589 tur.
1150 2564 1314 2605 ¹24⁴·5·
1342 2565 1535 2608 151411.
1568 2557 1644 2596 aC.

1048 2609 1195 2649 Marcio
1215 2611 1400 2650 laudatur.
1445 2612 1558 2664 1363-
1583 2622 1642 2662 15·-

1513 2663 1646 2705 diffua-
