1751 3154
549 101 963 144 RERVM.

131 211 372 263 Tanaquilis,
403 210 620 262 politicum.
637 211 730 265 642.

132 270 202 309 vlt.
223 265 558 319 TarquiniiPrisci.
571 274 730 320 55813.

136 337 229 380 573.
248 328 287 368 6.
322 335 415 378 574.
439 336 477 365 2.
529 324 732 374 Tarquinii

132 380 301 432 Superbi
339 377 522 418 aduersus
554 380 731 420 Sabinos

133 439 227 488 767.
247 448 285 489 3.
333 436 538 486 Tarquinii
563 438 675 488 patris
694 446 733 474 et

135 491 206 530 filii
219 493 259 531 in
274 492 472 543 capiendis
485 493 629 533 Gabiis.
639 504 734 545 773.

77 560 87 563 “
138 560 200 599 15.
232 548 473 591 Volscorum.
563 561 668 601 1714
695 561 733 601 9.

79 603 332 658 Subligacula
353 607 539 645 coriacea.
561 616 653 657 207.
670 617 683 646 1
698 616 735 655 ς.

132 662 350 712 Subligai·ia
368 663 491 713 epell.
504 661 597 701 hirc.
614 672 733 713 1491·

131 728 171 770 7.
236 716 487 770 subligacula
522 719 564 756 in
597 729 733 770 gymn.

130 772 212 812 lud.
230 780 345 827 1485.
360 782 394 822 8.
413 773 661 827 Subligaculo
678 772 735 811 in-

134 829 250 869 dutus
272 841 408 870 arator.
531 841 653 882 2032.
672 840 732 869 ΙΙ.

80 886 160 925 Sub
179 886 417 934 oliuis,locus
429 890 582 928 Romae.
600 896 729 937 1712.

82 942 287 982 Suburana
305 941 432 980 tribus.
583 946 677 993 670.
694 949 730 990 3.

79 998 330 1039 Succeffionis
349 999 407 1036 ius
425 996 502 1036 vbi.
588 1009 682 1051 727.
696 1009 731 1048 ς.

79 1052 211 1096 Suefl'a
223 1054 404 1100 Pometia,
424 1050 587 1094 Volscae
605 1055 734 1106 gentis

135 1120 260 1162 caput.
287 1117 403 1160 1108.
424 1123 515 1162 pen.
565 1110 736 1150 debella-

132 1177 194 1205 tui·
233 1180 255 1205 a
287 1167 505 1218 Tarquinio
544 1166 734 1218 Superbo,

132 1225 228 1276 764.
252 1234 314 1263 12.
344 1224 495 1274 capitui-
515 1237 536 1262 a
554 1223 732 1264 Seruilio.

135 1290 254 1329 1109.
276 1282 313 1321 6.
343 1276 550 1319 Sueisanae
568 1279 736 1330 praedae

132 1333 347 1386 copiofitas.
374 1337 536 1385 ¹208.6.
557 1333 733 1375 Suessani

133 1388 282 1431 exsules
317 1391 461 1430 Gabios
500 1390 547 1430 ad
585 1390 734 1431 bellum

132 1447 352 1497 Tarquinio
370 1446 624 1487 inferendum
640 1445 733 1487 solli-

134 1505 263 1541 citant.
538 1516 633 1557 771.
650 1516 682 1545 1.
697 1516 735 1558 3.

79 1556 266 1605 Suessula,
300 1571 448 1609 quaere
467 1560 654 1600 Vesbola.

79 1614 273 1655 Sufetius:
304 1627 449 1665 quaere
468 1615 650 1655 Fufetius.

78 1671 219 1711 Suffitu
239 1671 433 1724 excipitur
453 1672 581 1711 victor.
614 1677 733 1725 1840.

673 1741 735 1770 10.

78 1782 274 1836 Suffragia
313 1793 352 1822 vt
390 1784 521 1823 tulerit
551 1785 733 1836 populus.

137 1843 231 1892 265.
262 1850 297 1890 3.
346 1840 612 1879 nundinarum
639 1852 735 1880 tem-

135 1908 234 1946 pore
253 1894 444 1934 seruntur.
468 1908 584 1949 1447.
607 1908 641 1948 5.
663 1910 736 1949 pei·

136 1951 257 1990 tribus
293 1950 476 1990 feruntur.
518 1964 637 2005 2099.
671 1965 733 1994 10.

136 2007 186 2046 fic
214 2005 491 2060 Suffragiorum
518 2021 637 2047 vrnae
664 2021 735 2061 per

137 2063 260 2103 tribus
291 2076 496 2113 ponuntur.
525 2068 645 2114 2236.
668 2067 734 2104 vlt.

134 2117 325 2173 Suffragia
345 2134 414 2171 pro
433 2121 598 2159 claffium
619 2119 735 2160 censu

134 2175 372 2215 feruntur-in
393 2189 541 2216 centur.
560 2180 734 2216 comitiis.

140 2244 260 2284 1734.
283 2235 319 2273 6.
344 2232 542 2286 suffragiis
563 2236 736 2285 aequatis

141 2300 229 2325 reus
269 2285 489 2327 absoluitur.
544 2295 661 2343 1467.
701 2303 735 2332 Ι.

142 2341 331 2395 Suffragia
350 2345 482 2384 iurata.
508 2357 623 2399 1410.
642 2358 733 2397 pen.

143 2402 261 2450 1416.
279 2411 319 2450 7.
369 2398 648 2454 Suffragiorum
675 2404 735 2445 ius

136 2457 733 2511 aequarivoluntti·ibuni.1453.

139 2521 178 2562 7.
206 2509 403 2563 Suffragiis
421 2511 603 2552 intereffe
623 2517 734 2565 patri·

139 2568 217 2605 cios
231 2581 311 2606 non
324 2569 399 2606 vult
412 2568 597 2607 tribunus.
615 2575 731 2620 1856.

135 2634 177 2677 7.
215 2621 492 2678 Suffragiorum
510 2626 601 2665 latio
619 2627 734 2666 inter-

840 209 1014 251 turbatur
1048 226 1070 252 a
1104 212 1285 264 patriciis.
1323 224 1445 267 2099.

1382 284 1396 312 1
1410 282 1444 312 1.

789 324 842 374 Q.
871 323 1067 375 Sulpicius
1089 325 1322 366 Camerinus
1352 338 1447 366 con·

845 376 910 418 sul.
1279 394 1394 435 1475.
1413 394 1444 424 t.

792 435 843 486 Q.
857 434 1064 486 Sulpicius,
1087 448 1183 474 vnus
1202 449 1226 476 e
1246 439 1385 491 legatis
1395 438 1446 478 ad

846 491 1036 532 Marcium
1053 491 1178 531 miffis.
1279 507 1394 548 1551.
1407 508 1446 547 9.

790 549 870 589 Ser.
891 547 1081 598 Sulpicius
1101 550 1334 589 Camerinus
1355 563 1447 590 con-

845 600 914 646 sul.
935 603 1027 657 966.
1044 615 1080 654 5.
1115 615 1259 655 quanta
1277 606 1448 657 ptuden·

846 660 898 699 tia
926 658 1009 699 vsus
1027 660 1069 699 in
1088 659 1336 712 deprehend.
1356 675 1448 703 con-

846 717 918 755 iur.
950 728 1044 770 975.
1065 729 1104 770 3.
1154 716 1239 768 post
1270 718 1446 771 collegae

843 783 1015 812 mortem
1079 769 1177 812 solus
1229 771 1447 814 consulatus

847 839 997 881 tempus
1017 830 1159 881 explet.
1180 836 1272 883 983.
1297 841 1359 884 13.
1395 830 1447 870 de

844 885 1084 937 recipiendis
1104 887 1144 924 in
1166 889 1326 939 gratiam
1347 888 1450 927 Lati·

845 946 905 983 nis
937 954 1054 994 quam
1081 939 1312 982 sententiam
1338 943 1448 984 dixe·

842 999 900 1037 rit.
1278 1004 1393 1053 1083.
1409 1006 1448 1048 8.

789 1054 871 1096 Ser.
890 1053 1080 1106 Sulpicius
1093 1055 1340 1103 Camerinus,
1360 1069 1449 1095 con-

847 1108 914 1150 sul.
941 1115 1059 1164 1981.
1081 1124 1173 1162 pen.
1223 1112 1449 1164 Ser.Sulpi-

846 1168 926 1205 cius
976 1167 1127 1220 legatus
1166 1167 1207 1205 in
1241 1170 1450 1208 Graeciam

845 1221 1023 1263 mittitur.
1037 1234 1159 1276 2130.
1171 1235 1262 1275 pen.
1284 1223 1326 1263 fit
1337 1226 1446 1264 Xuir.

1221 1292 1446 1332 2141.pen.

790 1333 906 1381 Suna,
927 1332 992 1374 seu
1012 1335 1151 1384 Suana,
1172 1348 1261 1388 opp.
1284 1336 1447 1390 Aborig.

790 1447 1099 1489 Suouetaurilia:
1118 1461 1268 1500 quaere
1279 1406 1449 1490 Solimu-

849 1504 944 1543 tilia.

793 1561 1003 1612 Superbus,
1024 1559 1265 1612 ὖπεςοπτικδς,
1285 1559 1351 1601 seu
1366 1559 1449 1599 ιῖπε-

845 1615 1002 1665 ςιίφανοε,
1026 1618 1132 1656 vnde
1149 1618 1449 1671 cognominatus

847 1673 1095 1723 Tarquinius,
1144 1686 1230 1726 192.
1250 1686 1282 1715 1.
1301 1686 1395 1727 747.
1409 1686 1446 1714 2.

791 1729 1020 1782 Supplicum
1049 1726 1240 1780 respeuus
1257 1732 1449 1769 maximus

846 1789 993 1826 Rornae
1023 1784 1191 1826 habitus.
1237 1799 1352 1839 1432.
1383 1798 1446 1829 12.

846 1842 1089 1893 Supplicatio
1115 1854 1377 1882 matronarum
1404 1843 1447 1881 in

847 1897 1010 1938 delubro
1024 1898 1265 1950 Capitolino.
1283 1910 1398 1952 1594.
1409 1911 1448 1952 7.

844 1955 1159 2007 Supplicationes
1195 1955 1243 1994 ad
1273 1956 1451 2005 puluina-

847 2012 904 2049 ria
936 2022 974 2049 et
1005 2023 1086 2049 aras
1112 2012 1277 2050 deorum
1303 2012 1345 2050 in
1363 2010 1449 2051 dira

845 2066 1072 2116 pestilentia.
1088 2073 1449 2120 1852.10.1857.4.

791 2121 1034 2174 Suppofititii
1067 2123 1194 2161 foetus
1211 2136 1292 2162 non
1315 2123 1362 2162 ad
1379 2135 1449 2164 eos

847 2180 1058 2230 pertinent,
1072 2180 1138 2229 qui
1152 2176 1450 2231 supposuerunt,

850 2232 915 2274 sed
935 2234 982 2273 ad
1003 2246 1152 2281 matres,
1174 2248 1277 2287 quae
1297 2249 1448 2290 genue-

851 2302 963 2337 runt3
1000 2302 1040 2329 et
1070 2289 1241 2332 eiusdem
1269 2292 1449 2332 cumillis

849 2345 936 2386 sunt
956 2347 1201 2386 conditionis.
1272 2361 1392 2400 2232.
1407 2361 1446 2400 3.

845 2405 974 2455 Syllae
1009 2403 1229 2443 dominatus
1267 2404 1447 2443 crudelis.

848 2472 964 2512 1034.
990 2472 1029 2508 4.
1090 2461 1251 2511 Syllana
1288 2457 1449 2510 proscri-

849 2519 944 2568 ptio.
1278 2523 1449 2567 17048.

791 2571 984 2626 Syracuiis
1052 2572 1202 2626 gamm-i
1266 2572 1445 2622 oppresii.

1278 2635 1446 2677 1181.2.

1290 2686 1338 2728 T.
1369 2685 1446 2724 Ta·
