1751 3154
575 97 988 140 RERVM.

151 211 380 253 Prouocatio
406 224 428 249 a
457 210 582 262 plebis
604 209 747 248 iudicio

153 270 199 308 ad
213 268 397 308 iudicium
412 265 571 307 [enatus.
588 269 744 318 [3866.

98 328 289 379 Prytanea
308 326 554 363 Graecorum.
591 328 683 369 282.
707 334 742 362 2.

148 385 340 433 Prytanea
372 380 472 431 apud
500 381 668 419 Graecos
695 373 745 416 sa.

150 449 211 475 cra
233 433 327 483 suut,
357 448 395 475 et
413 451 433 475 a
453 434 605 475 summis
622 434 747 486 magi-

144 492 315 531 stratibus
337 504 532 531 curantur.
557 502 744 543 375.pe11.

91 549 252 589 Publico
292 552 455 589 munere
490 545 745 598 fungentibus

143 602 289 644 sumtus
310 606 548 656 praebentur
569 615 619 641 ex
636 614 742 640 aera-

145 663 216 700 rio.
239 673 358 713 2351.
379 663 441 700 vlt.
462 658 614 699 Publica
634 657 742 708 plebi

145 718 331 770 dilargiri,
363 715 577 771 tyrannidis
596 715 741 762 primus

144 773 298 825 gradus,
544 772 658 821 1675-
677 781 693 811 Ι
706 781 738 809 Ι-

89 830 301 868 Publicatio
340 827 541 866 bonorum.
582 829 673 884 876.
703 828 740 866 6.

593 894 685 934 990.
699 893 738 933 7.

88 940 304 982 Publicola:
333 951 478 990 quaere
501 939 709 990 Poplicola.

89 1001 188 1037 Puer
205 997 384 1035 militans.
591 1000 683 1046 633.
700 1006 734 1045 3.

87 1053 202 1093 Pueri
238 1064 278 1091 et
305 1051 461 1103 puellae
485 1047 595 1090 sacris
626 1051 739 1089 mini-

142 1109 314 1148 strantes.
335 1120 426 1159 279.
444 1119 504 1149 10.
525 1111 583 1149 16.
606 1108 737 1146 Pueri-

140 1165 187 1204 lis
228 1165 408 1204 educatio
443 1177 513 1215 per
550 1174 737 1216 tyrannos

142 1220 411 1271 corrumpitur.
542 1219 734 1272 1331.vlt.

86 1278 264 1330 Pugilum
285 1275 506 1314 certamina.
568 1288 684 1327 1500.
703 1287 734 1315 1.

85 1334 224 1385 Pugna
260 1331 468 1371 barbarica.
522 1338 638 1384 1318.
674 1343 735 1373 10.

137 1391 276 1441 Pugna
334 1389 511 1427 omnium
569 1387 737 1425 maxima

138 1457 241 1496 quae
262 1443 390 1482 fuerit.
422 1456 534 1496 1771.
560 1456 619 1495 13.
668 1447 732 1481 l'u·

138 1514 220 1554 gna
237 1499 461 1538 coelestibus
481 1499 597 1550 signis
617 1501 737 1550 impe-

141 1557 233 1597 dita.
267 1557 382 1608 1896.
407 1567 438 1596 1.
487 1558 647 1608 Pugnae
673 1556 737 1594 de—

137 1610 291 1662 scriptio
322 1622 506 1650 accurata.
553 1623 666 1663 1471.
697 1626 732 1660 9.

136 1668 347 1717 Pugnaturi
376 1668 471 1706 deos
492 1669 597 1714 votis,
630 1666 734 1705 sacri-

134 1723 239 1771 ficiis,
272 1736 312 1762 et
337 1723 514 1776 precibus
534 1725 733 1765 inuocant.

569 1783 680 1831 1765.
697 1785 732 1827 g.

79 1837 190 1876 Pulla
212 1834 318 1873 vestis
339 1835 377 1873 in
401 1835 513 1874 luuu.
564 1843 731 1887 83412.

84 1893 217 1933 Punici
233 1891 322 1930 belli
337 1891 445 1941 primi
459 1898 732 1942 tempus.22.g.

134 1949 320 1988 Punicum
343 1945 487 1986 bellum
503 1960 667 1997 primum
681 1947 732 1986 ob

132 2005 315 2044 Siciliam.
588 2015 680 2055 377.
695 2007 731 2046 6.

77 2063 252 2112 Purpura
271 2061 308 2097 iu
323 2058 731 2111 triumphis.306.pen.

132 2120 303 2167 Purpura
323 2129 418 2154 auro
438 2117 663 2164 intertexta,
695 2126 733 2154 et

128 2185 299 2224 purpura
319 2174 524 2225 variegata.
553 2177 643 2224 563.
672 2184 730 2212 η.

136 2240 200 2270 12.
236 2240 329 2279 570.
356 2235 390 2276 8.
444 2232 616 2280 Purpura
638 2242 730 2266 auro

134 2285 339 2323 intertexta
389 2282 573 2323 consulari
622 2297 731 2337 pote-

131 2339 211 2378 stati
229 2339 419 2378 adimitur.
449 2349 538 2393 317.
559 2354 596 2392 4.
641 2344 730 2380 Pur-

130 2407 286 2446 puratus
315 2394 434 2435 scriba
463 2410 534 2448 pro
561 2410 654 2451 tege
673 2399 730 2436 in—

133 2451 328 2490 terficitur.
583 2461 674 2505 908.
690 2467 727 2508 4.

77 2509 222 2553 Puteal,
249 2506 373 2552 φρέαρ.
398 2519 535 2560 593.2.
558 2523 645 2548 cum
663 2525 727 2561 pu-

130 2564 202 2602 tius
223 2562 261 2602 slt
281 2563 322 2601 τὸ
347 2562 494 2609 φρέκτος
515 2569 629 2609 πῶμα,
658 2580 727 2617 pu-

131 2621 185 2659 tei
233 2621 462 2671 operculum
485 2636 492 2660 :
551 2621 643 2661 licut
682 2623 723 2661 in

859 208 994 247 Gloffis
1017 221 1175 262 quoque
1187 211 1460 263 exponiturxs·

860 262 1015 311 gaeolsttov.

802 321 1008 359 Putellius:
1040 320 1129 360 vide
1151 322 1355 362 Poetelius.
1380 321 1382 323 ’

799 377 986 429 Pyrgion,
1008 377 1152 416 archon
1165 379 1309 418 Athen.
1326 385 1454 431 1898.

801 434 1007 486 Pyrriche‚
1038 430 1099 470 seu
1120 435 1275 473 saltatio
1297 448 1453 483 armata,

858 499 966 527 vetus
986 489 1205 527 inuentum.
1285 496 1451 545 1488.6.

800 543 977 598 Pyrrhus,
1008 547 1252 595 Epirotarum
1270 560 1351 596 rex,
1373 548 1453 587 bel-

852 601 935 639 lutn
947 603 1126 640 Romanis
1145 601 1275 641 insert.
1288 616 1451 657 23441.

849 661 1116 698 Romanorum
1143 658 1299 710 legatis,
1324 661 1453 711 capti·

850 726 987 752 vorum
1013 713 1289 753 liberationem
1315 727 1454 766 peten-

855 769 955 808 tibus
975 799 984 818 ‚
1050 770 1144 820 quid
1197 769 1450 822 responderit.

851 839 972 879 2345.
993 838 1032 878 7.
1071 826 1287 867 Fabricium
1309 826 1449 878 quibus

852 883 977 921 verbis
998 879 1217 922 sollicitat-it.
1274 887 1397 936 2346.
1412 895 1450 935 ς.

795 938 1034 991 Pythagoras
1049 941 1156 987 Laco,
1175 940 1449 992 olympionica.

849 998 942 1047 360·
966 1006 1026 1035 10.
1050 995 1279 1048 Pythagoras
1301 996 1450 1035 Samius

850 1063 926 1101 quo
946 1061 1122 1102 tempore
1141 1052 1179 1089 in
1202 1053 1306 1091 ltalia
1323 1051 1450 1102 philo-

848 1104 1022 1159 sophiam
1050 1107 1235 1147 docuerit.
1268 1114 1361 1162 360.
1381 1109 1448 1148 vlt.

1297 1168 1389 1217 361.
1406 1176 1443 1216 3.

791 1216 928 1272 Pythia
950 1219 1116 1259 oracula.
1305 1233 1392 1274 124.
1405 1233 1443 1273 4.

1085 1332 1138 1383 Q.

793 1442 1018 1495 Quadi-igne
1032 1442 1295 1496 triumphales·
1308 1455 1442 1497 3071.

850 1502 1070 1551 Quadrigas
1108 1513 1238 1539 aereas
1268 1503 1444 1541 Vulcano

846 1556 998 1594 dedicat
1017 1558 1208 1596 Romulus.
1245 1570 1335 1609 349.
1349 1570 1441 1609 pen.

790 1611 1138 1665 Quadrigariorum
1218 1616 1441 1652 certamina.

1052 1675 1217 1721 14355-
1246 1681 1442 1721 149712·

789 1721 1023 1775 Quaestores
1077 1724 1277 1764 castreulia
1337 1726 1443 1764 buna

841 1779 1034 1819 vendunt.
1056 1793 1150 1833 922.
1172 1783 1235 1819 vlt.
1259 1783 1442 1833 praedam

841 1846 883 1874 et
921 1833 1041 1886 spolia
1073 1837 1180 1876 bello
1210 1849 1321 1889 capta
1351 1850 1443 1876 ven-

844 1891 957 1931 dunt.
988 1896 1105 1945 1460.
1139 1894 1201 1932 vlt.
1254 1894 1441 1945 praedam

845 1947 1024 1987 vendunt
1042 1977 1051 1993 ‚
1091 1959 1131 1986 et
1158 1951 1366 2000 pecuniam
1398 1951 1440 1987 in

843 2006 1033 2043 aerarium
1054 2004 1239 2044 inserunt.
1258 2018 1395 2059 1709.1
1408 2017 1442 2046 1.

844 2062 1019 2111 captiuos
1045 2073 1086 2098 ac
1117 2063 1306 2111 reliquam
1335 2074 1444 2113 prae-

846 2116 933 2153 dam
961 2117 1156 2162 vendunt,
1194 2129 1233 2156 et
1256 2119 1442 2169 pecunias

841 2171 1018 2211 referunt
1041 2174 1080 2210 in
1103 2176 1438 2227 ae1·ai·ium.2044.

844 2239 881 2280 3.
934 2227 1198 2268 damnatorum
1220 2230 1322 2268 bona
1342 2230 1441 2269 rese-

840 2295 929 2322 runt
947 2286 985 2322 in
1012 2285 1213 2325 aerarium.
1239 2289 1358 2340 2276.
1376 2299 1435 2328 12.

843 2342 1024 2381 Mencnii
1061 2340 1270 2380 funerandi
1309 2356 1438 2381 curam

840 2397 888 2434 ab
902 2394 1029 2435 senatu
1042 2399 1244 2447 accipiunt.
1255 2401 1393 2450 12641
1408 2410 1439 2438 t.

843 2454 1044 2491 concionis
1072 2454 1352 2492 conuocandae
1370 2467 1439 2505 po·

839 2510 1011 2548 testatem
1039 2508 1195 2547 liabent.
1231 2513 1348 2562 1695.
1374 2522 1434 2551 10.

837 2565 1005 2605 callium
1065 2565 1280 2617 tyrannidis
1325 2578 1436 2605 reum

837 2633 970 2674 agunt.
991 2621 1082 2660 ibid.
1112 2621 1276 2664 Cassium
1295 2623 1436 2675 populi

1334 2677 1434 2717 iudi·
