1751 3154
789 122 1187 163 INDEX

360 239 556 283 sententia
599 237 776 278 numeris
820 233 962 278 seruire
1021 236 1327 291 Significationis
1340 238 1676 294 celeritas.79‘3.6.

363 313 448 340 non
475 296 613 343 debet,
654 293 718 334 sed
749 293 863 334 verba
881 292 962 333 sen·

365 355 526 395 tentiae.
551 358 720 404 558.11.
745 363 837 405 559.
851 364 887 392 2.
919 352 959 389 iu

357 409 552 452 sententia
569 418 665 460 quot
684 418 723 446 et
734 408 870 459 quibus
884 419 962 445 mo-

363 467 424 509 dis
443 467 647 516 delinquat
666 476 803 503 orator.
825 476 915 516 377.
925 465 960 504 6.

361 523 557 567 sententia
598 520 740 571 triplici
781 522 964 558 examine

359 579 609 630 expenditur.
634 588 725 629 407.
743 587 781 629 7.
812 574 963 614 senten-

365 639 419 675 tia
450 634 634 688 figuratur
662 633 776 672 varie.
825 633 889 682 46.
921 642 962 682 7.

363 692 644 733 sententiarum
715 686 964 739 figurationes

357 762 430 802 pro
480 744 766 796 compositionis
811 742 964 782 diuersi-

361 816 451 845 tate.
475 815 592 853 1072-
617 812 649 841 Ι.
676 797 904 840 isententiae
925 809 964 837 et

358 860 493 901 iudicii
515 856 681 896 variatio.
821 859 963 907 395.6.

305 918 481 969 Septima
503 911 642 952 mensis
661 910 773 950 dies„
820 923 911 963 243.
926 922 962 963 3.

304 974 491 1026 Sepulcra
524 968 682 1020 publica
703 979 860 1013 eorum,
895 967 964 1016 qui

360 1032 404 1069 in
445 1026 549 1066 bello
589 1023 743 1062 fortiter
774 1022 964 1060 occubue-

364 1094 467 1125 runt.
493 1092 688 1132 1055.14.
711 1075 882 1129 sepulcra
895 1091 964 1129 pu·

355 1142 460 1181 blica
476 1137 566 1176 forti
588 1148 724 1188 pugna
743 1133 854 1174 caesis
875 1146 966 1185 ape-

355 1199 523 1237 riuntur.
816 1195 909 1242 851.
924 1201 961 1242 9.

303 1251 540 1307 Sepulcralis
577 1247 826 1287 monumenti
867 1244 963 1285 sum-

360 1322 431 1349 tus.
452 1317 589 1361 513.7.
610 1302 887 1355 sepulcr-alibus
905 1304 961 1341 iu-

361 1366 425 1405 stis
443 1361 620 1404 fraudari.
815 1365 904 1410 852.
917 1362 958 1401 6.

302 1424 422 1466 Seriis
443 1422 483 1460 in
507 1418 621 1458 rebus
642 1429 722 1455 non
736 1414 960 1455 adhibenda

290 1492 292 1495 ’
359 1474 487 1518 iocosa
505 1473 698 1514 festiuitas.
818 1484 908 1524 559.
922 1477 958 1519 8.

300 1534 502 1578 Sermonis
522 1542 658 1584 genus,
716 1527 808 1572 Vise
834 1539 872 1568 et
889 1528 960 1569 Di-

359 1592 442 1636 ffio,
462 1586 651 1629 Elocutio.

299 1648 556 1691 Seruitiorum
582 1641 779 1681 laboribus
815 1640 955 1680 vietum

354 1703 425 1743 fibi
451 1699 637 1752 parabant
656 1698 860 1737 mediocris
879 1695 956 1735 for-

357 1770 477 1798 tunae
497 1755 616 1793 ciues.
639 1765 731 1806 534.
747 1766 808 1795 10.
826 1751 958 1792 seruo·

356 1828 443 1855 rum
489 1809 572 1851 vsus
608 1811 724 1849 etiam
763 1811 806 1848 in
841 1808 956 1848 rebus

352 1869 526 1911 nauticis.

298 1926 505 1970 Seruitutis
527 1922 635 1962 affio.
808 1933 950 1975 5932.

297 1984 452 2029 Sibilus‚
470 1980 593 2033 magis
613 1979 757 2024 brutae,
774 1990 887 2028 quam
898 1990 951 2015 ra-

355 2036 628 2085 tionalis‚vocis
641 2031 755 2072 sonus
769 2032 832 2072 est.
843 2039 905 2081 80.
915 2045 950 2081 5.

294 2099 460 2139 Sicanus
478 2123 488 2142 ‚
534 2087 789 2144 Syracusanae
833 2089 951 2127 classis

350 2153 440 2192 dux.

293 2209 491 2252 Siccitates
529 2214 567 2245 et
593 2201 787 2255 squalores
813 2203 952 2254 iugen-

354 2276 423 2303 tes.
775 2270 892 2309 1075.
907 2270 947 2298 2.

1080 296 1172 346 869.
1193 295 1258 333 vlt.
1276 294 1349 334 vid.
1368 306 1499 336 notae.
1523 296 1680 351 Signifi-

1079 362 1204 389 catum
1245 347 1359 401 saepe
1400 351 1552 403 respicit
1589 353 1681 392 stru·

1078 406 1191 454 Rura,
1205 420 1285 445 non
1299 419 1410 446 voces
1421 406 1529 459 ipsas.
1544 415 1677 459 8028.

1022 461 1176 502 Silenus
1216 463 1256 501 in
1291 463 1526 503 Macedonia
1569 463 1678 504 visus.

1054 574 1061 581 θ
1109 574 1115 581 ι
1138 574 1144 581 ι
1278 574 1285 582 .
1311 532 1508 582 4293pe11.
1530 526 1625 574 787.
1636 533 1678 574 7.

1023 572 1255 625 Similitudo,
1275 577 1498 615 imitationis
1509 587 1601 616 nota
1612 591 1682 629 po-

1077 630 1222 669 tiffima.
1532 637 1627 685 64¹·
1640 643 1678 684 ς.

1023 685 1244 726 Simonides
1261 716 1273 736 ,
1331 686 1477 727 archon
1529 688 1678 729 Athen.

1530 748 1623 798 650.
1637 759 1677 798 4.

1023 801 1235 843 Simonidis
1255 801 1387 840 melici
1408 802 1610 849 char-atim,
1639 811 1678 840 et

1078 860 1119 896 in
1134 858 1273 909 quibus
1286 858 1500 897 imitandus.
1513 869 1677 911 420.12.

1077 914 1288 954 Simonidis
1307 914 1422 953 diuio
1435 915 1568 965 qualis.
1587 925 1676 965 173.

1080 982 1118 1021 4.
1167 970 1377 1010 Simonidis
1406 975 1511 1010 locus
1530 970 1581 1008 de
1601 972 1677 1009 Da-

1077 1029 1169 1070 na'c3
1188 1039 1265 1076 quo
1285 1025 1458 1072 docetur,
1479 1024 1678 1077 pulchram

1080 1078 1159 1121 effe
1179 1080 1323 1132 poesin,
1350 1095 1450 1132 quae
1470 1079 1677 1133 aci—prosae
1724 1121 1732 1129 x

1080 1138 1265 1176 orationis
1306 1137 1596 1176 {imilitudinem
1631 1136 1677 1177 fit

1080 1191 1466 1244 compofita.220.v11.
1483 1206 1673 1244 221.pen.

1022 1249 1199 1301 Simplici
1222 1250 1397 1288 oratione
1415 1251 1474 1297 vti,
1495 1260 1531 1288 et
1552 1246 1676 1300 ipsum

1075 1305 1267 1359 figuratae
1286 1306 1473 1346 orationis
1492 1303 1609 1344 habet
1620 1318 1676 1343 ar·

1078 1360 1249 1401 riticium.
1531 1365 1672 1415 363.3.

1020 1417 1282 1467 Simplicitatis
1295 1428 1525 1470 praetextus.
1538 1429 1672 1470 2923.

1073 1472 1325 1526 fimplicitatis
1361 1472 1608 1514 afl'euatione
1633 1470 1675 1511 fi-

1076 1528 1144 1570 des
1170 1530 1272 1581 apud
1298 1531 1495 1570 auditores
1523 1530 1672 1581 quaeri-

1069 1595 1143 1626 tur.
1172 1590 1264 1638 363.
1285 1599 1323 1638 4.
1359 1586 1610 1638 fimplicitatis
1628 1585 1672 1624 fi-

1070 1643 1293 1690 mulatione,
1315 1641 1462 1696 figurae
1474 1654 1573 1694 opus
1584 1654 1672 1693 per-

1066 1696 1198 1737 ficere.
1523 1701 1616 1749 366.
1632 1704 1669 1745 8.

1015 1752 1148 1802 Simul,
1167 1752 1401 1802 mistionem,
1423 1749 1486 1793 seu
1506 1754 1669 1793 coniun-

1073 1810 1254 1858 c'tionem,
1275 1809 1474 1863 fignificat.
1495 1821 1666 1862 300.12.

756 1876 874 1916 1004.
892 1876 954 1917 14.
1015 1865 1221 1904 Simulatio
1243 1866 1540 1905 etdiffimulatio
1553 1863 1668 1917 saepe

1405 1929 1499 1975 580.
1514 1919 1666 1973 11.sqq.

1066 1919 1291 1972 periculosa.

1010 1976 1231 2030 Singularia
1276 1992 1346 2029 pro
1389 1976 1605 2030 pluralibus
1643 1992 1668 2018 a

1064 2032 1301 2086 Thucydide
1315 2032 1497 2087 vsurpata.
1519 2039 1664 2130 7923·
1697 2072 1708 2086 v„

1514 2102 1566 2142 93
1602 2099 1661 2131 .1.

811 2151 950 2198 8757.
1009 2145 1235 2199 Sinopeus,
1273 2146 1399 2199 Satyri
1437 2143 1664 2195 praefeuus.

1519 2212 1664 2254 5791·

1009 2258 1219 2310 Sipylenfis
1238 2270 1285 2297 ex
1308 2256 1521 2310 Magnefia.
1544 2265 1606 2305 28.
1621 2269 1661 2309 4.

294 2320 467 2363 Siciliam
522 2314 730 2367 tyrannide
780 2314 946 2352 liberare
1005 2314 1209 2354 Sirenibus
1227 2311 1440 2354 Aeschines
1468 2323 1664 2364 comparat
1706 2348 1717 2357 χ

344 2373 504 2417 Graecis
517 2370 645 2411 suadet
655 2369 788 2422 Lysias.
806 2381 893 2421 519.
906 2381 943 2421 9.

293 2433 423 2477 Sicula
450 2428 577 2468 clades
604 2429 753 2465 Atticos
783 2426 944 2463 colonos

345 2486 504 2528 Thuriis
516 2481 944 2535 quoqueexpellit.453‚

1060 2370 1374 2409 Demosthenem
1403 2371 1443 2409 in
1473 2369 1661 2408 orationis

1448 2425 1658 2465 modulata.

1466 2485 1580 2533 1065.
1599 2492 1657 2521 ιο.

1059 2426 1342 2475 compofitione

347 2558 387 2598 4.
415 2542 534 2583 Siculi
554 2537 796 2581 Dorienfium
818 2539 945 2576 exl'e-
1004 2534 1156 2589 Sisyphi
1176 2537 1280 2588 apud
1300 2537 1576 2583 inferoslabor.
1600 2549 1658 2574 ar-

344 2593 731 2657 loponnesocoloni.
764 2605 857 2648 933.
882 2604 944 2697 iel:

1057 2592 1212 2632 tificiosa
1251 2595 1466 2633 imitatione
1503 2591 1551 2631 ab
1581 2593 1658 2631 Ho-

1059 2662 1167 2691 mero
1187 2648 1390 2704 exprefl'us.
1439 2661 1526 2703 139.
1526 2651 1577 2744 s6
1593 2659 1655 2710 1·2.

1559 2715 1656 2743 ocia-
