1751 3154
794 134 1181 177 INDEX

307 254 440 310 Legati
460 265 484 293 e
509 247 725 292 senioribus
741 255 780 287 et
796 246 961 288 honora·
1017 247 1213 301 Legiones
1229 241 1366 288 sacrae.
1389 253 1506 300 1141.
1520 246 1582 287 vlt.
1602 248 1676 287 Le·

362 309 531 352 rioribus
564 307 800 358 deliguntur.
840 316 960 356 2329.

359 369 428 408 vlt.
478 363 618 418 Legati
644 360 794 401 senatus
823 359 964 399 decem

364 423 414 464 ad
428 420 588 474 plebem
605 415 821 470 profugam.
842 427 960 469 1197.

364 492 404 534 ς.
432 476 589 531 Legatis
609 476 651 514 in
670 474 873 514 Graeciam
893 473 966 510 itu-

365 536 419 576 ris
445 533 623 573 triremes
651 541 692 570 et
705 540 880 569 ‘caeterus
904 541 969 579 ap-

370 600 527 644 paratus
551 600 628 641 pro
653 588 749 638 reip.
770 583 968 625 maiestate

371 646 483 687 datur
499 657 550 685 ex
567 643 725 683 aerario.
799 652 920 692 2130.
932 652 969 692 9.

316 702 452 758 Legati
469 703 509 742 R.
537 698 816 739 frumentatum
835 695 972 745 emilii,

375 757 610 810 arripi-untur
636 768 708 808 pro
729 751 974 806 speculatori-

371 814 458 854 bus.
493 824 608 865 1314.
635 823 697 864 14.
746 808 885 862 Legati
906 812 976 849 Ro-

375 870 482 911 mani
521 871 664 910 Cumas
697 865 744 904 ad
780 863 976 904 frum-enta

375 923 592 965 coemenda
610 921 719 968 missi,
741 920 977 972 arripiuntur

376 982 435 1022 ibi
466 979 514 1019 ab
539 975 732 1018 exsulibus
747 974 980 1026 Tarquinia-

378 1038 448 1077 nis.
499 1045 615 1086 1315.
654 1036 691 1087 ¹3.
758 1029 977 1083 aufugiunt.

383 1103 502 1145 1339.
517 1102 554 1143 3.
576 1089 710 1144 Legati
720 1092 760 1130 R.
781 1086 828 1126 ad
846 1085 979 1139 fagum

382 1148 618 1200 ablegantur
662 1144 709 1184 ab
750 1147 979 1195 Aequorum

380 1206 630 1255 imperatore.
651 1206 771 1254 2048.
792 1213 829 1253 4.
849 1211 886 1252 5.
913 1202 981 1239 Le-

383 1260 465 1314 gati
481 1262 522 1300 R.
546 1255 647 1297 sacra
667 1255 777 1296 vestis
799 1254 981 1294 nefandis

381 1314 556 1358 sordibus
575 1328 596 1353 a
615 1311 740 1353 scurra
757 1307 982 1364 conspurca-

385 1384 459 1412 ων.
480 1382 603 1423 2341.
628 1382 660 1411 1.
693 1368 829 1422 Legati
850 1367 897 1407 ad
919 1366 982 1405 de-

385 1427 602 1468 fectionem
624 1424 879 1472 sollicitantes,
901 1424 984 1461 vin-

383 1483 432 1524 &i
470 1481 670 1522 traduntur
695 1478 841 1519 summo
867 1479 985 1532 magi-

386 1538 526 1579 stratui.
553 1548 670 1589 1097.
688 1549 779 1589 pen.
825 1539 986 1588 Legato-

388 1607 475 1634 rum
513 1606 674 1644 corpora
709 1589 809 1631 sacra
839 1591 986 1631 violare

389 1647 514 1691 nefas.
533 1658 628 1702 920.
652 1659 714 1690 11.
750 1652 986 1700 Legatorum

390 1705 545 1744 violatio
574 1704 788 1756 piacularis.
828 1715 918 1755 345.
947 1713 986 1754 9.

389 1762 624 1814 Legatorum
653 1759 812 1798 violatio
838 1773 859 1798 a
880 1757 989 1797 setia-

391 1816 492 1856 libus
512 1812 826 1869 cognoscebatur.
845 1826 988 1868 391.9.

339 1876 518 1927 Legatus‚
545 1871 746 1917 πρεσβευτιῖς
764 1869 823 1917 2134*
841 1875 989 1918 ἆντιςρά·

396 1945 508 1976 τηγσς.
529 1930 644 1979 1766.
655 1939 693 1980 9.
719 1939 883 1981 Ῑ77ς.9.
903 1939 989 1978 per-

395 1983 487 2025 sona
513 1983 798 2023 honoratiffima
816 1994 854 2021 et
871 1980 991 2022 saeer-

395 2043 503 2081 rima.
523 2050 642 2091 2219.
662 2040 727 2077 vlt.
765 2043 928 2092 Legatus
949 2040 991 2078 in

397 2096 565 2148 magistri
600 2095 778 2146 equitum
803 2094 996 2134 vulnerati

401 2154 532 2191 locum
546 2149 723 2193 succedit.
738 2152 853 2198 1062.
864 2163 903 2203 9.
928 2154 996 2191 Le·

403 2208 502 2260 gatis
543 2219 632 2245 cura
668 2205 868 2245 castrorum
894 2218 998 2245 cotn-

403 2263 566 2302 mittitur
584 2275 607 2300 a
626 2258 782 2301 consule
799 2263 840 2300 in
861 2262 995 2301 vrbem

402 2330 579 2358 euocato,
796 2328 914 2370 2050.
927 2319 996 2359 vlt.

349 2373 625 2427 Legationibus
646 2373 763 2425 prius,
785 2385 900 2423 quam
918 2372 997 2411 bel-

407 2433 458 2476 lo,
487 2430 656 2483 agebant
669 2430 842 2469 Romani.
873 2440 995 2478 2321.

406 2488 468 2527 vlt.
481 2487 520 2525 in
531 2485 781 2538 Legationem
793 2485 996 2522 mittuntur

399 2540 654 2594 'speciatissimi
682 2543 836 2591 quique.
878 2551 994 2584 1522.

408 2610 471 2640 12.
534 2597 758 2650 Legationis
794 2607 997 2647 praetextu

405 2653 523 2695 emiffi
534 2652 992 2711 speculatores-1075.5.§.

1071 305 1141 400 ¹gio
1167 299 1369 398 {engi-rita
1398 302 1675 400 centuri6arum‚

1088 372 1138 399 eu
1183 370 1232 398 ex
1262 372 1314 398 mi
1345 372 1437 398 ium.
1490 371 1506 400 1
1581 367 1606 396 '.
1638 370 1675 401 1.

1073 415 1269 468 Legiones
1281 365 1673 467 quatermillgiufiiae.

1079 480 1200 524 1133.
1222 483 1283 513 12.
1324 470 1563 523 Legi‘onibus
1586 484 1679 522 qua-

1075 534 1166 567 tuor
1203 525 1325 566 additi
1355 527 1501 578 equites
1527 528 1679 567 circiter

1079 584 1210 625 MCC.
1237 594 1353 636 1772·
1372 595 1410 634 3.
1457 580 1679 636 Legionum

1084 639 1390 679 additamentum
1424 637 1549 678 infimi
1588 650 1680 678 cen-

1082 693 1144 735 sus
1167 694 1289 735 turba.
1315 701 1510 744 1008.12.
1539 696 1681 747 Legio-

1085 764 1158 791 nes
1216 750 1413 790 dimittere
1457 748 1683 791 consulibus

1086 820 1170 848 uon
1196 806 1336 846 licebat
1354 804 1495 846 iniuffu
1517 803 1681 847 senatus.

1088 875 1205 916 1141.
1218 875 1309 915 pen.
1341 863 1525 915 Legionis
1543 863 1682 914 aquila.

1085 925 1207 967 2088.
1235 929 1275 971 7.
1340 919 1511 972 legionis
1535 919 1685 970 primae

1087 975 1314 1014 tribunatus.
1482 982 1603 1024 2088.
1617 984 1699 1027 15.'.

1034 1030 1198 1083 Leleges
1241 1030 1447 1083 expellunt
1490 1028 1682 1084 Pelasgos.

1625 1099 1684 1130 .1.

1035 1144 1115 1182 Leo
1134 1141 1320 1194 lapideus.
1541 1096 1633 1185 23}
1645 1156 1685 1197 9.

1036 1197 1258 1249 Leostxams,
1278 1197 1418 1240 arch‘on
1429 1197 1571 1240 Athen.
1589 1201 1684 1253 406.

1433 1262 1469 1304 8.
1493 1256 1685 1307 1694.vlt.

1036 1309 1182 1352 Lesbus
1202 1307 1334 1349 insula.
1542 1322 1607 1365 47.
1625 1323 1687 1353 12.

1037 1366 1227 1410 Lethaeus
1244 1372 1411 1416 campus.
1493 1369 1686 1419 1629.16.

1038 1428 1182 1466 Leucas
1192 1435 1253 1474 op.
1265 1423 1522 1462 Acarnaniae.
1531 1435 1546 1464 1
1555 1425 1688 1465 26.12·

1096 1483 1276 1519 Acarnan
1283 1479 1291 1516 i
1298 1479 1366 1519 bus
1373 1477 1549 1519 donatur.
1559 1490 1575 1520 1
1583 1491 1690 1533 305.

1039 1534 1215 1574 Leucafia
1234 1531 1368 1576 insula.
1551 1548 1639 1589 135.
1651 1546 1691 1576 2.
1717 1556 1720 1557 ν

1041 1592 1239 1632 Leaen-ica
1261 1590 1399 1630 clades.
1520 1602 1690 1643 270.10.

1042 1648 1158 1689 Leuis
1171 1659 1385 1686 armaturae
1396 1648 1594 1686 centuriae
1601 1659 1691 1687 xxx.

1521 1709 1696 1755 1451.2.'

1043 1762 1124 1801 Lex
1151 1758 1192 1796 in
1215 1758 1360 1797 ltaliam
1381 1758 1484 1796 illata
1501 1758 1549 1797 ab
1566 1762 1695 1799 Euan-

1100 1814 1182 1853 dro.
1204 1820 1266 1866 537.
1288 1828 1319 1853 a.
1350 1825 1408 1856 11.
1439 1816 1518 1854 Lex
1539 1812 1693 1853 senatus

1100 1870 1270 1909 examini
1298 1870 1464 1919 primum
1488 1868 1698 1910 subiicieu-
1740 1883 1741 1887 ¹

1101 1926 1168 1973 da,
1210 1935 1290 1964 tum
1315 1926 1362 1965 ad
1390 1926 1577 1978 populum
1595 1924 1697 1966 refe-

1104 1981 1240 2022 renda.
1282 1985 1398 2032 1868.
1419 1988 1453 2031 8.
1486 1985 1694 2035 1876.'11·

1102 2041 1252 2091 Legum
1271 2037 1362 2076 latio
1380 2037 1488 2089 plebi
1507 2051 1588 2076 non
1609 2050 1697 2089 pet·-

1107 2095 1277 2139 mittitur,
1305 2092 1374 2131 nili
1391 2094 1495 2144 prius
1512 2093 1563 2132 de
1577 2093 1651 2132 illis
1673 2106 1696 2132 a

1106 2147 1240 2188 senatu
1251 2146 1497 2187 consultatum
1509 2147 1562 2187 fit.
1580 2161 1696 2203 1990.

1111 2217 1173 2257 13.
1225 2205 1336 2256 Legis
1361 2205 1536 2257 cognitio
1564 2205 1604 2245 in
1636 2206 1700 2244 tris

1105 2259 1323 2299 nundinum
1336 2262 1573 2312 proponitur.
1583 2272 1598 2302 1
1607 2264 1698 2314 856.

1107 2327 1145 2368 3.
1207 2320 1285 2357 Lex
1312 2314 1470 2355 suadere
1497 2328 1537 2356 et
1561 2314 1699 2357 diffua-

1106 2369 1203 2410 dere
1248 2373 1462 2412 volentibus
1501 2386 1571 2425 pro
1610 2386 1701 2414 con·

1108 2427 1224 2466 cione
1244 2430 1489 2479 proponitur.
1520 2435 1641 2482 2085.
1657 2441 1697 2482 9.

1107 2484 1222 2535 Legis
1243 2482 1509 2537 diffuasoribus
1530 2498 1611 2523 non
1630 2497 1700 2524 ne-

1104 2550 1216 2591 gatur
1228 2540 1382 2580 dicendi
1398 2542 1521 2590 copia.
1536 2552 1695 2594 20977.

1105 2597 1221 2648 Legis
1269 2594 1493 2634 diffuasores
1531 2609 1554 2634 a
1589 2608 1699 2647 prae·

1106 2661 1211 2700 cone
1240 2652 1296 2707 ad*
1311 2652 1518 2696 dicendum
1538 2651 1698 2704 prodire

1561 2707 1701 2751 iuben·
