1751 3154
784 116 1164 157 INDEX

356 232 428 272 stas
437 232 582 271 multae
593 225 822 282 irrogandae
832 236 950 266 trans·

355 288 479 331 fertur
508 289 625 326 etiam
655 286 695 324 in
716 285 811 323 alios
831 283 950 335 magi·

357 344 501 384 stratus.
522 355 642 396 2124.
662 351 700 392 7.
730 337 951 382 Consularis

355 399 555 453 dignitatis
573 411 713 451 magna
732 396 822 435 olim
844 407 953 434 reue-

357 457 634 507 renna-1389.
651 466 712 495 10.
731 449 955 495 Consularia

339 512 492 552 ‘munia
511 507 750 563 permenses.
768 510 953 556 1860-10.

356 565 562 609 Consulari
582 565 715 605 habitu
734 576 851 616 atque
871 561 956 602 infi-

358 623 505 677 gnibus
534 633 691 663 ornatur
712 622 896 672 Quintius
916 620 956 657 in

357 693 454 734 agro
476 677 542 718 suo
564 691 682 717 arans.
782 687 902 729 2033.
917 686 956 726 3.

304 733 536 779 Consulatus
555 737 672 773 initus
692 733 829 772 Sextili
850 744 958 770 rnen·

355 789 397 832 se
416 792 513 830 circa
535 787 732 829 solstitium
756 788 955 827 aestiuum.

362 854 480 896 1810.
501 859 530 887 1.
550 844 632 891 (sed
653 843 781 884 lorsan
796 847 960 882 Decem·

357 902 419 943 bri
451 899 605 950 mense,
644 903 741 940 circa
762 897 958 938 solstitium

360 958 583 999 hibernum.
609 968 646 995 vt
666 971 704 1008 p.
726 966 846 1005 2307.
874 966 921 995 10
942 955 958 1003 )

358 1010 593 1056 Consulatus
633 1013 704 1051 kal.
744 1007 958 1062 Septembr.

359 1071 491 1115 initur,
511 1067 619 1107 solito
631 1069 824 1106 maturius.
845 1079 860 1107 1
872 1077 959 1117 151.

358 1135 399 1180 7.
437 1121 669 1165 Consulatus
693 1123 812 1161 initur
835 1121 962 1159 idibus

361 1181 571 1223 Decembr.
595 1191 790 1232 2307.10.
815 1174 961 1217 Consu-

360 1238 457 1276 latus
471 1237 730 1275 ambientibus
742 1235 863 1279 dattm
877 1244 960 1270 non

361 1289 637 1334 recusantibus.
661 1302 823 1343 ¹722·7·
855 1290 960 1328 Con.

361 1347 501 1389 sulatus
520 1361 601 1386 non
614 1345 888 1392 ambientibus,
900 1341 964 1382 sed

362 1403 679 1451 detrectantibus,
705 1399 896 1453 impolitus
918 1401 961 1438 in

360 1461 492 1513 plebis
511 1457 726 1502 secessione‚
747 1458 794 1496 ab
814 1458 860 1495 iis
880 1456 963 1507 ple-

361 1516 474 1563 beiis,
488 1518 551 1567 qui
566 1513 961 1563 remanserant.115o.

360 1573 430 1612 vlt.
487 1569 734 1615 Consulatus,
762 1580 853 1609 ante
872 1565 960 1606 solis

358 1628 530 1680 patriciis
550 1627 774 1679 peculiaris,
814 1621 960 1663 affeeta-

359 1693 425 1722 tur
443 1685 559 1722 etiam
580 1697 599 1721 a
612 1681 784 1734 plebetis.
798 1686 960 1733 22877.

363 1737 605 1780 Consulatus
628 1740 713 1776 iure
724 1735 889 1789 plebeiis
901 1747 962 1774 ce-

364 1795 541 1834 dendum
592 1803 709 1846 negat
758 1792 959 1833 Claudius.

360 1862 485 1903 2292.
522 1863 581 1902 ¹4·
643 1845 869 1890 Consulatus
900 1847 960 1883 ius

366 1906 550 1946 omnibus
577 1918 624 1943 ex
644 1917 769 1954 aequo
790 1915 959 1941 commu-

366 1962 582 2002 nicandum
609 1958 739 1998 censet
771 1959 960 2004 Valerius,

362 2019 432 2070 qui
454 2016 626 2070 -quidem
662 2029 710 2055 eo
745 2015 853 2067 digni
879 2012 960 2052 sint.

361 2085 485 2126 2300.
497 2086 533 2124 4.
553 2069 778 2111 Consulatus
800 2071 892 2108 olim
907 2065 961 2106 su-

362 2129 411 2168 lis
449 2129 615 2179 patriciis
646 2126 800 2178 patebat
819 2139 829 2172 ;
880 2123 961 2174 post

359 2184 526 2236 plebeiis
565 2195 722 2234 quoque
749 2179 962 2219 eommuni-

364 2250 479 2278 catus,
506 2246 645 2289 8389.
675 2234 884 2278 Consulatu
905 2247 963 2274 re·

363 2294 480 2332 tineri
538 2293 720 2331 detrectat
765 2292 959 2341 Quintius.

364 2352 486 2402 2036.
507 2361 548 2390 11
589 2347 820 2388 Consulatus
839 2347 962 2383 eiura-

364 2414 437 2444 tui:
469 2415 584 2446 1021.
615 2416 649 2454 3.
710 2399 960 2443 Consulatum

360 2462 486 2500 eiurat
510 2457 640 2498 consul
661 2456 887 2497 vulneribus
902 2468 961 2494 ae-

363 2529 446 2570 ger.
472 2526 587 2568 1774.
611 2527 640 2556 1.
668 2510 880 2556 Consulatu
900 2510 961 2549 ab·

363 2584 500 2624 rogato
535 2571 716 2611 difflatur-a
742 2567 959 2607 instituitur.

369 2637 489 2682 1014.
509 2638 546 2680 ς.
570 2629 686 2673 1016.
704 2637 744 2679 4.
775 2621 822 2665 stc
845 2634 961 2676 1040.

1061 238 1124 270 12.
1155 233 1272 276 1128.
1291 237 1330 280 9.
1360 237 1482 280 2οςῐ.
1501 235 1539 279 5.
1582 236 1665 278 pro

1063 279 1258 323 consulatu
1291 283 1482 323 institutus
1512 282 1666 322 decetn-

1063 340 1214 379 viratus.
1234 351 1353 391 2141.
1382 353 1444 384 10.
1486 351 1555 390 pro
1577 351 1668 378 con·

1062 393 1180 435 sulatu
1222 394 1412 435 institutus
1447 396 1666 436 tribunatus

1066 452 1251 491 militaris.
1481 463 1606 504 2305.
1628 460 1666 501 ς.

1012 505 1174 555 Consus,
1192 510 1411 559 Neptunus,
1424 517 1550 547 terrae
1561 503 1668 558 quas·

1068 561 1174 603 sator.
1521 576 1613 616 302.
1626 573 1667 614 9.

1067 617 1294 671 Consualia,
1322 619 1575 667 Ἶπσκςᾶτειιι,
1615 618 1670 658 fe-

1070 677 1179 715 stum.
1336 679 1490 725 86³·ss-
1521 687 1614 727 302.
1628 686 1668 726 4.

1016 732 1274 776 Continentia
1302 742 1487 770 veterum.
1516 741 1610 782 259.
1634 740 1668 770 1.

1069 789 1353 830 Continentiae
1374 788 1415 826 in
1438 799 1674 825 coaceruan-

1069 846 1127 885 dis
1146 844 1282 895 opibus
1301 844 1524 896 exemplum
1544 842 1670 894 fingu-

1073 902 1164 940 lare.
1216 906 1309 953 956.
1339 904 1377 943 6.
1429 903 1544 953 1263.
1577 910 1669 949 pen.

1496 957 1616 1008 2356.
1629 966 1669 996 2.

1018 1011 1292 1054 Contrai‘tuum
1314 1023 1479 1064 genera,
1522 1022 1560 1049 et
1580 1022 1672 1052 con-

1070 1079 1276 1106 ventorum
1289 1067 1672 1120 fides.398.vlt.Con-

1072 1124 1258 1162 tractuum
1282 1131 1477 1162 correctio.
1504 1123 1670 1174 1‘231.9.

1074 1180 1347 1221 Contrattuum
1359 1179 1593 1230 priuatorum
1605 1176 1670 1215 de-

1073 1235 1160 1274 cisio
1180 1235 1279 1272 intra
1299 1247 1333 1272 x.
1355 1235 1448 1274 dies.
1478 1237 1670 1285 1261..14.

1020 1289 1315 1332 controuersiae
1339 1304 1359 1328 a
1377 1300 1554 1341 tempore
1573 1288 1672 1328 deci·
1728 1292 1739 1298 χ

1074 1347 1226 1385 duntur.
1251 1351 1368 1400 1428.
1391 1356 1453 1387 12.
1507 1345 1673 1385 Contro-

1070 1401 1274 1442 vei-fiarum
1302 1403 1470 1440 fraterna
1490 1398 1675 1452 composi-

1073 1460 1147 1507 tio,
1180 1458 1293 1498 laude
1319 1457 1524 1512 dignissim.
1555 1468 1673 1510 1472.

1605 1523 1669 1554 11.

1020 1570 1254 1612 Conuentus
1271 1569 1430 1609 Latinae
1447 1568 1574 1622 gentis
1585 1580 1674 1621 pro·

1071 1638 1214 1664 cerum.
1240 1636 1335 1678 754.
1360 1632 1394 1672 8.
1440 1627 1671 1665 Conuentus

1071 1679 1253 1720 solennes
1285 1680 1334 1720 ad
1368 1680 1594 1733 peragenda
1621 1677 1674 1718 sa-

1073 1750 1143 1776 cra.
1531 1741 1621 1789 847.
1632 1735 1670 1775 6.

1019 1793 1134 1841 Cora,
1159 1805 1249 1843 opp.
1276 1792 1384 1834 Latii.
1498 1803 1590 1845 512.
1605 1790 1670 1830 vlt.

1018 1849 1184 1896 Corani,
1222 1861 1314 1899 pop.
1343 1845 1449 1889 Latii.
1490 1859 1582 1901 991.
1604 1847 1670 1885 vlt.

1072 1905 1218 1944 Marcio
1234 1901 1271 1944 se
1283 1903 1447 1945 dedunt.
1464 1909 1580 1957 1588.
1594 1901 1671 1942 vid.
1707 1944 1709 1946 ,

1068 1970 1152 2001 not.
1175 1973 1209 1998 o.

1016 2015 1183 2063 Coi-bin,
1217 2015 1373 2067 praesid.
1396 2018 1671 2061 Rornanorum,

1073 2084 1280 2122 occupatur
1304 2072 1488 2112 aLatinis.
1512 2082 1670 2122 1041.9.

1019 2133 1034 2171 Ξῖ
1070 2127 1178 2165 dedit
1210 2124 1247 2165 se
1275 2128 1435 2165 Marcio.
1467 2136 1670 2178 1543.11.

1072 2184 1254 2223 Romanis
1277 2182 1433 2220 deditur
1449 2180 1497 2220 ab
1508 2182 1670 2232 Aequis.

1071 2248 1192 2288 2055.
1219 2248 1250 2277 1.
1288 2236 1336 2275 ab
1356 2239 1504 2288 Aequis
1524 2234 1672 2276 rursum

1072 2293 1314 2342 opprimitur.
1337 2299 1457 2346 2058.
1477 2305 1511 2346 3.
1532 2293 1578 2335 ab
1589 2294 1673 2335 Ho-

1074 2351 1168 2386 ratio
1191 2352 1382 2387 euerritur.
1496 2360 1668 2401 2071.9.

1018 2402 1326 2456 Corcyraeorum
1359 2402 1507 2444 seditio.
1551 2415 1668 2457 1472.

1017 2513 1168 2554 Cordus
1187 2544 1198 2564 ,
1260 2516 1386 2558 Mucii
1432 2472 1669 2570 cognomseg:

1496 2583 1589 2627 902.
1603 2571 1670 2610 vlt.

1017 2624 1182 2667 Coretus
1201 2639 1325 2668 mons.
1550 2637 1612 2678 39-
1630 2641 1668 2678 4.

1511 2681 1670 2732 Corilla,
