1751 3154
545 129 963 174 RERVM.

118 251 279 291 rentur,
309 237 576 282 irascebantur
598 241 722 282 numi·

117 314 182 340 na.
209 305 326 351 1852.
351 312 388 351 4.
414 299 480 337 vlt.
519 300 634 339 Sacra
653 297 721 336 ho-

115 356 190 396 stili
206 351 360 395 incursu
382 354 640 394 interturbata
654 353 721 392 du·

117 413 188 466 plo
235 412 385 450 maiore
423 407 549 450 sumtu
583 409 723 449 instau-

116 478 261 508 rantur.
285 479 302 508 1
313 481 330 509 1
344 471 412 521 13.'
430 479 490 519 14.
519 466 721 506 Sacrorum

114 525 359 578 principatus
398 535 525 574 penes
564 535 715 576 regem.

117 583 214 633 264.
242 592 275 622 1.
325 583 528 620 Sacrorum
549 591 720 620 commu-

114 638 229 677 nium
268 636 507 687 principatus
541 636 581 673 in
607 633 719 672 seriis

115 692 267 734 Latinis
281 704 402 743 penes
417 693 717 743 Romanos.764.

115 761 155 790 2
195 749 308 789 Sacra
327 748 479 787 exotica
497 759 576 785 non
597 745 718 784 admi·

116 805 160 843 iit
183 808 298 844 Roma
317 803 485 858 publice.
568 812 663 853 275.
677 803 715 843 6.

59 861 268 904 Sacrorum
287 861 533 911 i11terp1·.etes
556 864 717 909 580.10.

117 916 326 957 Pontifices
363 916 438 954 boe
470 914 637 953 nomine
664 910 718 952 so-

115 974 173 1013 let
193 974 368 1012 numere.
397 973 717 1011 Sacrorumcom·

115 1029 298 1070 mentarii
318 1042 337 1067 a
351 1029 478 1066 Numa
499 1024 714 1077 conscripti.

113 1096 208 1141 371
240 1097 272 1126 1
309 1094 401 1136 519.
421 1090 456 1131 8.
515 1083 720 1129 Sacrorum

111 1153 195 1181 rex.
215 1145 306 1190 818.
325 1151 382 1203 ι3.
401 1146 492 1190 845
507 1150 569 1192 14.
586 1140 717 1179 Sacro·

112 1210 200 1237 turn
219 1209 285 1235 rex
305 1197 453 1248 primus
472 1194 632 1235 Manius
650 1197 718 1235 Pa-

113 1254 245 1304 pirius.
517 1258 609 1302 845.
623 1263 717 1302 pen.

57 1308 289 1352 Sacerdotes
312 1310 457 1347 Romae
475 1307 646 1359 phitium,
676 1306 718 1344 ii-

115 1376 196 1417 que
250 1365 423 1402 claritate
485 1361 716 1413 praestantes

112 1420 288 1462 caeteris.
315 1432 433 1472 1592.
451 1430 513 1460 12.
533 1417 718 1463 Sacerdo-

114 1488 177 1517 tes
197 1487 236 1516 et
259 1476 401 1526 reliqui
420 1475 584 1514 deorum
603 1475 718 1514 inini-

113 1532 203 1579 ssri,
231 1531 413 1584 aquibus
430 1532 537 1580 leffl,
567 1542 607 1570 et
626 1543 718 1582 quo-

111 1561 235 1629 mocio
290 1586 506 1628 confirmati
555 1585 715 1626 fuerint.

113 1651 211 1693 281-
231 1657 267 1697 4
315 1642 539 1685 Sacerdotes
565 1654 604 1681 et
626 1642 718 1684 deo-

111 1713 203 1741 rum
220 1699 412 1739 ministros
432 1709 528 1750 quot
546 1697 718 1738 institue·

111 1758 163 1797 rit
185 1756 380 1798 Romulus
400 1763 493 1809 278.
516 1767 550 1808 ς.
588 1755 719 1794 Sacer·

114 1812 255 1855 dotum
293 1813 515 1865 priuilegia.
555 1822 649 1864 279.
680 1823 718 1863 7.

115 1869 367 1910 sacerdotum
384 1867 594 1920 collegium
615 1866 722 1906 adbi-

119 1923 238 1962 betur
271 1924 320 1964 ad
353 1924 489 1977 legum
518 1922 722 1967 confirma-

117 1983 442 2033 tionem.2145.8.
455 1978 504 2018 {ic
518 1982 720 2032 p.2076.4.

117 2036 345 2077 Sacerdotia
393 2036 534 2087 quibus
574 2034 720 2073 debita.

113 2101 238 2142 2182.
270 2103 306 2133 2.
360 2092 584 2132 Sacerdotia
612 2091 717 2142 quib.

120 2148 277 2188 dederit
315 2149 511 2188 Romulus.
556 2159 649 2200 279.
686 2158 720 2188 1.

117 2203 343 2244 Sacer-dotia
372 2204 540 2255 plebeiis
563 2215 722 2254 quoque

119 2261 474 2298 communicantur.
530 2263 646 2313 1468.
686 2269 721 2300 1.

118 2315 343 2355 sacerdotia
363 2316 566 2369 gentilitia.
586 2321 722 2369 2787.

123 2383 163 2409 et
181 2383 302 2424 2190
316 2384 351 2424 3.
372 2371 594 2414 sacerdotia
610 2383 724 2411 vena-

127 2428 195 2466 lia.
554 2434 648 2480 278
661 2428 724 2465 vlt.

56 2478 83 2530 ¹S
100 2491 376 2532 aeramentum,
387 2484 644 2524 iuramentum
658 2484 726 2524 mi-

129 2540 258 2584 litar‚e
285 2545 330 2575 δι’
322 2540 406 2586 ιεςός
430 2557 534 2588 oquin,
560 2544 634 2578 eth
652 2555 729 2586 ςρκ-

129 2595 283 2637 τιωτικδς
304 2594 408 2640 ὅρκος.
432 2606 589 2648 10939.
609 2597 728 2647 1726.

124 2664 166 2706 9.
198 2654 363 2705 18649.
384 2662 584 2705 203412.
606 2653 729 2704 2267-

834 241 901 282 vlt.
949 241 1242 283 Sacramentum
1271 241 1439 282 militare

833 297 1012 336 omnium
1053 298 1330 351 religiofiffime
1363 298 1437 338 ob-

833 352 1019 393 seruatur.
1057 360 1176 402 2268.
1210 367 1243 397 1.
1309 355 1438 396 Sacra-

833 419 970 449 mento
993 407 1174 455 obstr-iffi,
1206 410 1313 464 ligna
1329 408 1436 450 dese-

835 477 926 505 rere
943 478 1024 505 non
1045 465 1254 506 audebant.
1273 478 1432 518 1142-1.

834 521 968 575 Signa
991 534 1084 560 vero
1113 520 1212 560 sacra
1242 533 1281 561 et
1310 519 1436 562 sanctia

832 575 946 617 fuiffe
967 577 1106 624 habita,
1128 578 1245 628 paulo
1264 578 1348 630 post
1366 575 1435 620 suo

828 634 918 674 loco
936 632 1154 672 docebitur.

773 689 943 731 sacrifici
971 689 1205 729 adhibentur
1230 688 1278 728 ad
1297 689 1435 729 confir·

829 746 1044 786 mationem
1085 746 1185 799 legis
1223 745 1275 784 de
1301 744 1435 786 aedifi-

830 802 956 842 cando
985 804 1207 842 Auentino.
1234 805 1357 854 2076*
1392 812 1429 854 5.

829 858 879 898 fic
911 873 947 912 p.
969 870 1094 910 2145.
1114 871 1154 911 9.

773 913 966 957 Sacrificia
997 913 1233 953 communia.
1264 915 1359 966 763.
1387 919 1436 966 7.'

827 969 1021 1012 Sacrificia
1033 968 1252 1009 collefiitia.
1266 973 1359 1022 763.
1370 981 1436 1023 14.

827 1025 1110 1072 Sacrificiorum
1123 1029 1215 1065 ritus
1226 1026 1306 1076 qui.
1316 1036 1434 1077 1495.

832 1094 868 1126 1.
911 1095 1029 1135 1497.
1057 1095 1097 1136 4.
1153 1080 1434 1123 Sacrificiorum

830 1139 943 1191 apud
981 1141 1177 1178 Romanos
1217 1136 1431 1190 frugalitas.

828 1201 922 1247 283
943 1206 983 1247 7.
1032 1193 1227 1236 sacrificia
1255 1190 1434 1234 solennia
1490 1208 1492 1210 ·

825 1264 897 1303 per
914 1251 1044 1290 vrbem
1070 1261 1109 1295 et
1126 1261 1249 1303 agros
1279 1255 1371 1302 847.
1393 1260 1430 1300 5.

825 1305 1062 1347 Sacrificium
1081 1319 1174 1349 ante
1191 1306 1433 1358 magistratus

827 1364 1052 1406 initionem.
1074 1373 1196 1413 2150-
1217 1374 1254 1415 3-
1287 1359 1434 1402 Sacrifi-

830 1419 890 1458 cia
914 1419 963 1458 ad
992 1419 1163 1472 agendas
1185 1419 1259 1457 diis
1278 1418 1434 1470 gratias.

829 1482 922 1528 983·
943 1487 983 1527 7·
1007 1479 1122 1518 1262·
1143 1487 1179 1528 3-
1203 1476 1322 1528 1536.
1336 1485 1431 1525 Pen-

825 1529 1018 1574 Sacrificia
1037 1526 1119 1582 post
1138 1531 1360 1594 νίξὶρνίειῐη,
1383 1527 1432 1567 ad

831 1586 1002 1641 agendas
1021 1590 1108 1628 Deo
1125 1586 1274 1639 gratias.
1295 1588 1388 1638 466
1395 1592 1430 1634 8

834 1645 952 1696 1669.
968 1656 1030 1690 10.
1052 1641 1243 1682 Sacrificia
1260 1655 1333 1693 pro
1349 1654 1434 1694 graq

831 1700 977 1742 tiarum
991 1698 1145 1739 afflone
1164 1698 1250 1750 post
1271 1696 1431 1747 pestem.

828 1766 951 1808 2135.
974 1767 1008 1797 1.
1029 1752 1223 1796 sacrificia
1240 1754 1432 1808 gentium,

833 1810 897 1851 seu
918 1810 1149 1850 familiarum
1169 1811 1336 1862 propria,
1361 1822 1437 1861 per.

832 1880 927 1919 quos
960 1866 1056 1906 belli
1086 1877 1264 1918 tempore
1291 1865 1433 1917 possint

832 1936 980 1984 Pel'agj·
1021 1935 1137 1975 1794·
1162 1935 1222 1974 ¹4·
1256 1932 1432 1974 1795-3·

831 1979 1051 2030 sacrificial?
1055 1979 1165 2017 abiae
1177 1978 1415 2031 gentis.1793
1424 2006 1432 2015 .

837 2047 899 2078 11.
930 2032 1024 2075 Vise
1044 2046 1086 2075 et
1102 2036 1227 2078 Sacra.

779 2090 1066 2143 Sacrilegorum
1087 2103 1228 2141 poena.
1249 2100 1432 2142 397.2.3.

780 2145 1048 2189 SacrosancIus
1100 2156 1141 2185 et
1191 2145 1434 2188 inuiolabilis

833 2201 1083 2255 magistram
1110 2201 1293 2252 1246.v.lt
1317 2207 1434 2255 1248.

833 2264 1013 2311 8.1422
1035 2269 1067 2300 1.
1091 2255 1336 2298 Sacrosanaa
1354 2270 1436 2295 cor

838 2327 930 2366 pora
951 2313 1203 2356 tribunorum.
1261 2306 1379 2365 1248
1400 2317 1436 2360 8

781 2371 989 2412 Salaminia
1009 2383 1157 2423 pugna.
1296 2370 1387 2416 886.
1404 2379 1438 2410 1.

783 2426 1037 2473 salmonum,
1056 2425 1438 2478 promontoriumla-

840 2497 889 2535 py
896 2485 992 2536 giae.
1274 2491 1362 2532 130.
1374 2480 1438 2519 vlt.

786 2540 890 2588 Salii,
921 2538 1079 2579 Graecis
1100 2534 1255 2579 uffewrte.
1287 2537 1377 2588 386-
1396 2537 1439 2578 6.

842 2596 936 2636 Salii
957 2592 1298 2643 aNumainstituti.
1306 2596 1395 2644 384.
1403 2598 1442 2639 8.

842 2652 1034 2701 Saliorum
1054 2661 1239 2697 numerus
1256 2648 1303 2688 ab
1315 2646 1441 2688 Hosti-

899 2709 933 2750 Y
945 2719 969 2758 y
999 2718 1022 2759 3
1383 2703 1441 2746 liu
