1751 3154
769 111 1166 156 INDEX.

293 218 313 240 ”
342 220 457 262 desti-i
496 223 647 274 proelio
665 223 869 264 'Veientes‘
885 238 941 264 re·

342 278 485 330 primit.
509 282 626 331 1766.
646 292 682 321 2.
731 282 857 319 iaculo
877 281 939 319 ici-

314 344 419 375 ·tur.
465 338 584 387 1768.
627 347 659 376 1.
733 336 938 375 occumbit.

772 397 937 445 Ῐ7698·

291 445 381 487 Sex.
400 446 586 494 ManliuS‚
607 444 833 488 secefforum
851 449 938 488 dux.

608 516 760 555 2270.1
775 517 805 546 1.
819 516 858 544 et
877 508 937 547 16.

290 556 476 598 Manibus
513 559 554 597 in
594 561 746 600 coelum
787 560 939 600 sublatis

344 615 456 653 Deus
503 614 715 656 inuocatur.
770 624 860 670 807.
899 630 939 669 7.

342 673 465 721 2326.
489 683 525 723 5.
575 673 761 714 Manibus
790 675 832 712 in
855 686 942 712 coe-

341 725 422 765 lum
458 722 610 766 sublatis
638 732 742 769 Deus
780 730 941 781 iniquae

305 798 310 802 ·
344 778 561 822 sententiae
579 783 678 824 testis
699 795 737 824 et
757 786 854 825 vltor
873 787 942 825 im-

303 862 307 867 ·
342 838 528 889 ploratur.
575 851 694 893 2249.
727 853 787 882 12.
857 845 941 883 Ma-

301 912 304 913 ⁷
344 906 468 932 nuum
503 894 648 934 ablutio
689 909 780 937 ante
809 893 941 935 sacrifi-

344 949 460 987 cium.
580 964 745 1004 1495.1.
771 954 939 1004 1496.3.

289 1005 514 1045 Manuarias
532 1018 630 1046 artes
648 1007 870 1047 fafflitabant
887 1008 942 1046 in-

348 1061 499 1111 quilini,
527 1076 608 1101 non
633 1065 749 1103 ciues.
772 1072 940 1117 1811.5·

287 1115 559 1156 Manubiarum
572 1120 895 1172 ostentatio.1500.
906 1128 941 1168 8.

287 1171 538 1213 Marathonia
557 1189 700 1228 pugna.
797 1180 888 1225 886-
904 1189 940 1228 3·

288 1231 424 1267 Ancus
443 1233 631 1278 Marcius,
664 1237 813 1271 Numae
832 1236 940 1271 Pom-

304 1297 308 1306 ·
341 1285 426 1335 pilii
447 1297 496 1323 ex
516 1285 596 1326 filia
615 1301 749 1340 nepos.
766 1301 857 1341 403.
875 1300 938 1329 10.

340 1352 432 1394 515.
454 1354 490 1393 3.
521 1349 613 1397 518.
637 1357 671 1395 5.
734 1358 782 1383 an
813 1344 936 1384 Tullo

341 1396 508 1435 Hostilio
526 1401 705 1439 interitus
717 1398 938 1440 auctor-sue-

336 1452 395 1493 rit.
419 1460 508 1505 515.
526 1466 565 1508 7.
586 1458 677 1507 516.
697 1463 731 1506 8.
750 1470 818 1496 rex
837 1469 938 1495 crea-

337 1517 411 1547 tur.
436 1521 526 1563 517.
551 1524 611 1554 11.
653 1526 673 1550 a
693 1514 796 1563 pacis
814 1512 936 1552 studio

339 1563 388 1603 ad
407 1563 508 1605 bella
529 1568 774 1618 pertrahitur.
795 1572 926 1621 5206.

340 1619 382 1659 in
395 1634 473 1670 rep.
488 1635 588 1673 quae
596 1622 760 1676 gefferit.
776 1624 933 1675 ξηιλ-11.

339 1677 523 1727 quamdiu
547 1680 749 1730 imperarit.
776 1692 932 1732 191.13.

311 1735 315 1737 “
337 1743 431 1785 537.
451 1746 487 1784 4.
530 1737 631 1774 Anci
651 1735 785 1776 Marcii
808 1735 934 1774 obitus

335 1797 378 1825 et
396 1787 475 1827 filii.
495 1802 587 1841 537.
610 1805 645 1842 5.
693 1793 931 1833 Marciorum

331 1843 375 1894 (i.
395 1845 641 1887 AnciMarcii
661 1846 845 1899 filiorum)
863 1848 932 1886 cri-

334 1900 510 1938 minatio.
532 1905 623 1956 664.
636 1905 698 1942 vlt.
720 1904 856 1943 Marcii
869 1916 934 1941 ex-

300 1963 303 1965 ·
334 1953 415 1993 filio
452 1960 640 2008 perpetuo
673 1969 713 1998 et
739 1959 933 1998 bonorum

330 2008 613 2064 proscriptione
688 2016 930 2054 mulciantur.

676 2074 770 2123 646.
789 2083 848 2123 13.
870 2083 931 2122 14-

281 2121 325 2160 C.
348 2124 517 2164 Marcius
545 2125 686 2175 qualib.
706 2126 931 2178 parentibus

334 2179 598 2229 ortus,quibus
612 2183 811 2221 virtutibus
823 2194 932 2234 prae-

334 2232 447 2280 ditus,
475 2248 588 2284 quam
611 2251 778 2288 gnauam
796 2239 837 2276 in
857 2239 932 2278 Co·

299 2302 302 2303 ⁷
332 2290 489 2329 riolanis
527 2293 798 2344 expugnandis
831 2305 929 2345 ope-

334 2358 414 2384 ram
446 2346 681 2395 praestirerit.
721 2360 834 2400 1253.
864 2360 925 2389 12·

330 2401 497 2441 Coriolis
524 2404 643 2453 captis
667 2404 705 2440 in
724 2405 926 2442 Antiatum

331 2469 493 2508 quoque
513 2461 808 2512 expugnatione
823 2471 929 2511 prae-

333 2514 472 2551 claram
496 2526 613 2553 nauat
626 2528 793 2566 operam.
812 2517 928 2565 1256-

330 2579 366 2619 7.
389 2568 438 2607 ob
458 2568 716 2622 frugalitatem
743 2581 780 2610 et
800 2570 932 2609 mode-

329 2623 434 2664 stiam
458 2625 703 2666 admirationi
724 2627 787 2665 est.
813 2638 928 2679 1259.

1049 237 1112 268 12.
1140 225 1374 266 Coriolanus
1393 226 1645 279 cognomina-

1049 293 1132 330 tur,
1174 281 1224 320 ob
1251 281 1447 322 fortissime
1468 293 1647 322 nauatam

1049 339 1090 377 in
1121 338 1366 379 Coriolorum
1393 339 1648 393 expugnatio·
1711 345 1720 348 '

1047 407 1101 433 ne
1127 407 1296 446 operam.
1326 407 1442 449 1259.
1469 408 1530 447 13.
1584 394 1650 434 ad-

1009 478 1011 481 ψ
1051 447 1180 490 versus
1193 451 1369 490 Antiates
1380 452 1544 490 militem
1557 450 1648 489 edu-

1049 509 1109 546 cit.
1135 518 1251 558 1357.
1269 518 1301 547 1.
1323 506 1373 544 ob
1396 505 1587 558 repulsam
1605 508 1648 544 in

1053 563 1247 614 petitione
1265 560 1482 601 consulatus
1497 592 1506 610 ‚
1538 561 1649 614 plebi

1052 617 1238 658 infensus.
1262 623 1378 672 1360.
1390 623 1426 661 6.
1443 632 1502 661 12-
1527 631 1649 658 anno·

1049 688 1140 714 nam
1181 673 1289 726 plebi
1325 688 1438 726 quam
1465 674 1651 714 cariffime

1053 730 1303 770 vendendam
1322 729 1463 770 suadet.
1489 733 1648 781 13602.

1051 788 1216 840 grauiter
1235 788 1278 826 in
1297 788 1473 826 tribunos
1497 785 1648 825 inuehi-

1055 855 1128 882 tur.
1165 855 1278 896 1370.
1300 855 1335 896 3.
1385 843 1432 881 ab
1460 842 1649 882 aedilibus

1053 899 1295 938 tribunorum
1331 898 1427 938 iuffu
1465 909 1651 950 arreptus,

1014 982 1017 984 ψ
1050 954 1279 994 defenditur
1297 969 1316 993 a
1330 956 1508 1006 patriciis.
1522 966 1647 1008 :1371-

1050 1023 1198 1063 5—13.
1224 1011 1333 1062 plebi
1357 1011 1650 1054 commendatur

1053 1069 1263 1106 aMinucio
1286 1065 1386 1106 cons.
1412 1075 1574 1120 13823.
1595 1063 1649 1105 su-

1052 1122 1173 1174 perba
1217 1125 1393 1161 oratione
1425 1123 1528 1174 apud
1566 1123 1650 1174 ple-

1013 1188 1015 1190 ’
1054 1180 1143 1217 bem
1165 1179 1289 1217 vtitut·.
1314 1187 1428 1231 1385.
1455 1181 1517 1218 vlt.
1545 1193 1567 1218 a
1586 1192 1649 1230 pa·

1052 1235 1166 1274 triciis
1189 1246 1322 1273 contra
1340 1235 1583 1273 tribunorum
1609 1245 1648 1273 et

1047 1290 1174 1343 plebis
1201 1293 1390 1343 impetum
1410 1289 1646 1330 defenditur.

1053 1354 1171 1400 1389-
1195 1360 1231 1400 3.
1282 1361 1304 1385 a
1334 1347 1496 1385 tribunis
1517 1347 1559 1385 in
1579 1359 1649 1397 po·

1048 1404 1131 1455 puli
1151 1403 1336 1442 iudicium
1355 1414 1516 1443 vocatur.
1532 1414 1648 1456 1395.

1046 1472 1084 1512 4.
1114 1470 1176 1500 10.
1211 1471 1331 1512 1400.
1352 1471 1390 1512 9.
1440 1461 1608 1512 grauiter
1628 1473 1649 1498 a

1046 1516 1174 1554 Decio
1211 1514 1368 1553 tribuno
1407 1515 1509 1567 apud
1544 1511 1649 1553 sena·

1047 1581 1130 1608 tum
1171 1568 1372 1609 accusatur.
1422 1574 1541 1620 1406.
1583 1581 1645 1622 14.

1044 1626 1221 1665 laudatur
1239 1627 1286 1664 ab
1298 1627 1442 1678 Appio.
1459 1637 1644 1677 1423.11.

1047 1693 1162 1734 1432.
1187 1690 1221 1732 8.
1251 1682 1377 1734 plebis
1398 1682 1539 1721 iudicio
1564 1694 1648 1732 per-

1043 1739 1259 1777 mittendus
1278 1739 1318 1776 in
1340 1736 1581 1789 senatuquae
1593 1737 1648 1777 di-

1046 1794 1156 1833 xerit.
1203 1807 1319 1847 1444.
1339 1807 1429 1846 pen.
1467 1796 1585 1846 1446:
1608 1796 1645 1835 6.

1043 1850 1084 1888 in
1116 1851 1250 1901 populi
1277 1850 1465 1889 iudicium
1497 1861 1644 1891 citatur.

1048 1909 1166 1959 1446.
1200 1919 1260 1959 14.
1321 1906 1539 1960 tyrannidis
1575 1906 1648 1944 cri·

1043 1975 1135 2000 men
1165 1971 1203 2000 vt
1224 1962 1380 2000 diluerit
1399 1962 1502 2013 apud
1525 1974 1647 2012 popu·

1044 2017 1135 2056 lum.
1173 2029 1287 2071 1457.
1325 2030 1383 2069 14.
1444 2015 1563 2068 spolia
1596 2029 1645 2055 ex

1041 2073 1267 2114 Antiatibus
1295 2084 1404 2123 capta
1431 2085 1496 2110 cur
1520 2073 1647 2110 militi-

1046 2128 1115 2167 bus
1138 2130 1294 2181 largitus
1317 2127 1371 2169 fit.
1399 2131 1562 2181 14617.
1583 2127 1646 2166 da·

1040 2195 1209 2229 mnatur,
1232 2183 1381 2221 duobus
1407 2194 1552 2223 tantum
1572 2184 1646 2222 cal·

1041 2241 1145 2278 culis.
1198 2243 1312 2292 1466.
1348 2240 1409 2276 vlt.
1457 2244 1572 2293 1516.
1603 2246 1640 2289 8.

1044 2306 1151 2346 1554
1175 2297 1211 2337 6.
1239 2293 1359 2333 exfilii
1381 2296 1557 2334 muldam
1575 2296 1645 2335 im·

1041 2361 1149 2388 moto
1172 2353 1301 2389 auimo
1323 2350 1411 2389 fert.
1442 2363 1555 2404 1473.
1580 2363 1641 2392 10-

1037 2407 1079 2444 in
1115 2405 1285 2445 exfilium
1309 2406 1500 2455 abiturus,
1541 2418 1644 2457 quae

1042 2460 1088 2500 ad
1111 2473 1273 2501 matrem
1294 2474 1334 2501 et
1354 2475 1508 2502 vxorem
1527 2462 1643 2502 verba

1042 2516 1190 2556 secet-ir.
1236 2521 1354 2559 1600.
1384 2531 1422 2570 4.
1477 2518 1525 2557 ad
1554 2519 1644 2556 vlci·

1043 2571 1199 2612 scenda's
1230 2575 1369 2625 populi
1402 2578 1510 2615 Rom.
1543 2575 1645 2612 iniu-

1045 2630 1144 2678 rias,
1198 2631 1245 2668 ad
1300 2627 1453 2670 Volscos
1501 2628 1642 2669 traulit.

1524 2697 1642 2738 1503.
