1751 3154
546 136 965 180 RERVM.

122 262 219 304 792.
241 263 277 293 2.
307 249 488 304 figuratio
508 249 666 304 gemina
684 249 726 289 in

121 320 200 348 vno
253 307 475 357 eodemque
523 309 717 358 poemate.

122 376 217 418 355.
234 369 276 413 8.
306 362 586 417 figurationum
612 363 727 401 inno-

124 420 242 462 vatio.
529 422 619 471 169.
634 431 725 469 pen.

65 476 206 518 Filium
236 475 439 522 marinum,
476 488 557 514 non
578 474 727 526 adopti-

117 544 222 579 vum,
251 529 289 570 se
307 529 395 578 effe,
419 531 620 582 quomodo
640 543 727 583 pro-

119 587 223 627 barit
246 588 488 640 Euphiletus
512 591 605 637 618.
625 599 664 639 7.
683 586 726 625 fi.

121 644 177 683 lio
198 657 218 682 a
241 654 352 696 patre
371 642 548 682 abdicato
568 657 618 682 an
637 655 727 682 con-

123 697 225 739 cessa
246 697 395 740 cauffae
416 701 544 739 dielio.
572 711 662 752 391.
688 704 724 746 8.

121 755 294 796 filiorum
353 757 477 794 maior
521 756 563 794 in
613 755 724 800 virili,

122 825 240 863 quam
260 812 302 850 in
321 813 474 863 puerili,
492 821 617 849 aetate
637 823 728 849 cura

120 866 338 907 habebatur
357 882 379 906 a
400 866 603 906 veteribus.
636 878 728 920 550.

663 933 725 964 12.

67 979 188 1020 Fines
225 979 267 1020 in
293 978 468 1031 quolibet
500 990 622 1030 opere
647 978 727 1017 duo

123 1037 334 1088 praecipue
359 1033 605 1087 speetantur,
643 1034 727 1085 pul-

125 1091 303 1130 chritudo
315 1102 353 1130 et
365 1092 549 1143 voluptas.
568 1101 584 1130 1
595 1102 727 1142 1004.

68 1147 249 1187 Floridae
277 1147 568 1200 compositionis
599 1146 728 1185 chara·

123 1204 213 1243 c'ter.
237 1215 325 1257 170.
349 1218 386 1258 ς.
438 1200 530 1244 Vise
549 1213 589 1242 et
606 1203 729 1243 Polita

127 1272 256 1311 comp.

68 1316 199 1358 Fluuii
235 1313 368 1354 laudes
406 1315 448 1354 in
487 1327 540 1353 or.
581 1327 727 1368 paneg.

124 1377 219 1419 228.
242 1383 303 1413 11.
348 1371 559 1410 fluuiorum
585 1371 729 1410 conflu-

126 1440 220 1466 xum
234 1429 426 1466 Homerus
445 1427 645 1479 quomodo
665 1440 728 1467 ex-

127 1480 316 1535 prefferit.
612 1495 677 1537 99.
692 1496 728 1526 1.

71 1539 256 1580 Foederis
273 1540 381 1593 leges
393 1539 435 1578 in
446 1540 631 1581 columna
643 1553 729 1579 exa-

127 1606 243 1635 ratae.
553 1608 649 1650 741.
665 1609 682 1638 1
694 1607 729 1637 1-

71 1651 309 1693 Foeminina
341 1649 553 1691 masculino
592 1651 673 1691 fine
707 1665 729 1690 a

129 1706 366 1760 Thucydide
387 1709 548 1760 prolata.
569 1719 664 1762 799.
687 1710 729 1751 6.

128 1761 351 1804 foeminina
387 1765 556 1804 neutrali
592 1763 675 1810 fine
708 1778 730 1803 a

129 1818 367 1871 Thucydide
384 1821 545 1871 prolata.
584 1832 678 1874 799.
690 1829 728 1871 7.

74 1879 250 1918 Fortuna
275 1876 318 1914 in
348 1875 429 1916 reb.
453 1875 634 1916 humanis
655 1884 733 1916 tna-

131 1932 280 1970 ximum
315 1942 565 1971 momentum
599 1931 728 1971 habet.

130 1993 324 2040 1039.12.
344 1999 471 2028 mores
491 1988 621 2028 variat.
638 2000 732 2040 404.

637 2056 732 2096 pen.

75 2100 205 2141 Frater
222 2096 326 2138 fratri
345 2098 463 2139 filiam
480 2100 522 2140 in
541 2102 734 2140 matrimo-

132 2156 243 2194 nium
265 2156 443 2196 collocat.
590 2169 682 2212 502.
694 2168 732 2208 7.

78 2212 316 2262 Frequentia
372 2223 414 2252 et
461 2214 731 2266 congruentia,

133 2279 254 2305 vnum
291 2280 315 2306 e
351 2271 568 2321 praecipuis
604 2268 734 2322 signis,

6 2324 19 2425 ‘q
132 2319 274 2373 quibus
327 2337 389 2364 res
441 2323 732 2379 dignoscuntur.

515 2393 532 2423 1
543 2385 630 2426 106.
641 2394 733 2434 pen.

81 2432 261 2486 Frigidus
272 2444 312 2472 et
325 2433 513 2477 taediosus
523 2439 565 2476 in
576 2460 629 2469 —
639 2440 732 2490 627.

141 2501 203 2542 13.
216 2488 398 2544 frigidam
410 2492 621 2533 dielionem
633 2508 735 2546 quae

135 2545 316 2585 reddant.
592 2563 683 2604 540.
696 2563 734 2603 3.

82 2600 381 2654 Frontispicium
405 2604 533 2656 operis
551 2603 735 2658 cuiusque

137 2657 348 2712 praelustre
358 2658 436 2701 effe
447 2661 574 2702 debet.
589 2674 682 2717 227.
698 2669 733 2714 8·

783 252 915 302 Fugae
933 260 1082 290 nomen
1101 250 1206 303 apud
1219 253 1439 295 Homerum

834 305 988 357 semper
1018 308 1060 346 in
1088 306 1270 359 probrosa
1297 309 1441 364 fignifi-

837 373 1004 402 catione.
1294 376 1388 418 320.
1399 379 1439 419 4.

782 419 948 472 Fulgura
970 417 1117 458 dextra.
1291 426 1385 474 306.
1399 424 1438 465 6.

782 473 968 518 Funebris
1001 477 1124 514 oratio
1143 477 1249 528 quid.
1279 484 1371 520 260.
1396 490 1434 530 3.

835 529 1014 571 funebris
1038 532 1157 570 oratio
1177 533 1295 572 duum
1319 546 1439 587 gene-

837 599 935 625 rum.
968 594 1061 638 258.
1097 600 1189 639 pen.
1251 590 1439 630 funebres

836 643 1032 682 orationes
1063 641 1299 696 conscriptae
1318 648 1439 686 exiam

835 713 858 738 a
886 698 1090 738 veteribus.
1122 711 1215 752 259.
1248 716 1283 755 5.
1330 701 1440 742 fune·

837 754 968 794 briurn
1016 756 1237 796 orationum
1281 756 1439 798 caussae.

841 819 934 865 849.
964 821 1001 863 7.
1051 810 1228 852 funebris
1256 815 1440 854 orationis

839 876 1059 920 praecepta.
1082 876 1175 922 258.
1197 882 1234 921 3.
1264 869 1440 909 funebris

843 923 1029 962 orationis
1050 926 1173 976 capita
1194 926 1283 973 tria,
1314 927 1441 966 lauda·

839 979 915 1026 tio,
947 981 1183 1029 lamentatio,
1214 979 1440 1022 consolatio.
1484 1032 1485 1038 1

838 1046 932 1088 297.
954 1046 1014 1088 13.
1061 1035 1236 1076 funebris
1254 1040 1442 1078 orationis

839 1091 955 1130 stilus.
978 1095 1071 1144 267.
1097 1104 1132 1134 1.
1160 1092 1336 1134 funebris
1357 1108 1442 1136 ora-

839 1148 894 1187 tio
912 1146 1073 1199 figurato
1091 1149 1270 1190 difi‘tionis
1290 1163 1442 1204 genere

840 1217 862 1242 a
883 1204 1035 1244 Pericle
1066 1216 1259 1250 contexta,
1287 1219 1380 1260 297.
1403 1215 1441 1259 8.

839 1271 933 1313 359.
963 1273 1055 1312 pen.
1111 1260 1288 1302 funebris
1318 1266 1440 1303 oratio

838 1315 1083 1369 Thucydidis
1109 1331 1158 1356 an
1181 1321 1442 1360 conuenienti

839 1373 929 1411 loco
960 1371 1090 1424 posita.
1125 1381 1215 1427 849.
1235 1386 1271 1427 ς.
1324 1376 1439 1416 sune·

838 1427 915 1468 bris
942 1430 1064 1469 oratio
1083 1430 1257 1469 Platonis
1279 1432 1325 1470 ad
1349 1446 1445 1483 quo-

842 1497 926 1524 rum
943 1485 1203 1525 imitationem
1216 1485 1442 1540 conscripta.

845 1552 963 1592 1027.
983 1551 1023 1593 7.
1060 1540 1247 1582 funebres
1266 1544 1358 1593 ludi,
1376 1543 1443 1585 seu

840 1595 1024 1636 funebria
1043 1599 1263 1638 certamina.
1275 1611 1394 1653 275.1
1407 1614 1442 1643 1.

786 1656 907 1694 Furor
927 1665 975 1692 ex
994 1652 1123 1692 afflatu
1145 1653 1282 1693 diuino
1305 1658 1345 1694 in
1359 1659 1444 1697 Ma-

840 1708 933 1748 trois
962 1719 1001 1748 et
1021 1709 1293 1762 Corybanticis
1322 1710 1442 1754 sacris.

1274 1780 1390 1810 1022.
1405 1772 1444 1812 6.

787 1823 900 1863 Furta
920 1821 1097 1862 oratoria.
1265 1836 1360 1876 491.
1377 1827 1442 1865 vlt.

789 1877 840 1916 de
877 1877 1032 1917 Futuris
1079 1877 1343 1920 conieeturam
1388 1879 1446 1921 su-

842 1944 954 1972 mere
972 1945 1021 1971 ex
1041 1935 1265 1985 praeteritis.
1279 1941 1444 1989 449.16.

843 1986 979 2028 futuris
1000 2001 1084 2028 non
1097 1989 1345 2032 tribuendum
1356 1995 1446 2046 plus

843 2043 1067 2096 fidei,quam
1080 2048 1444 2103 praeteritis.530.6.

789 2105 975 2143 Futurum
1021 2102 1127 2141 verbi
1166 2113 1321 2156 tempus
1356 2118 1446 2146 cum

844 2153 1035 2209 praesenti
1056 2160 1277 2210 copulatum
1295 2174 1317 2199 a
1338 2161 1445 2202 Thu-

844 2213 931 2266 cyd.
962 2220 1054 2262 802.
1081 2225 1114 2255 1.
1160 2214 1336 2257 futurum
1364 2231 1446 2258 me·

846 2270 955 2307 dium
978 2282 1050 2320 pro
1070 2270 1226 2320 paffiuo.
1252 2286 1317 2326 43.
1331 2286 1366 2325 5.
1387 2273 1458 2323 ἧι-ς

849 2335 975 2363 turum
998 2326 1113 2376 paulo
1130 2327 1224 2380 post,
1235 2328 1444 2382 profuturo

845 2380 1020 2434 simplici.
1326 2398 1391 2439 43·
1404 2397 1444 2441 7.

792 2496 1142 2591 GallinaceorumG'
1178 2564 1287 2592 more
1350 2553 1449 2594 latus

846 2607 1037 2661 plaudere
1099 2607 1183 2661 post
1240 2608 1447 2652 vistoriam.

1301 2677 1448 2719 9921.

901 2722 930 2761 Β
943 2718 967 2758 b
980 2718 1006 2759 b
1038 2731 1061 2775 ς
1319 2723 1450 2778 Gany-
