1751 3154
749 98 1128 140 INDEX

321 208 688 261 improbatiffimum-
731 209 849 259 1516·
879 219 912 250 1.

318 267 457 317 Populi
479 266 667 318 regimen,
681 263 914 313 pemmarei-

318 322 428 375 publ.
448 320 580 361 forma.
606 331 722 373 1175.
752 332 814 361 12.
847 321 915 359 Ρο-

321 378 465 430 pularis
486 377 686 430 regiminis
705 374 914 426 promistio-

318 447 373 475 ne
391 430 779 486 tyr-annisinuaditur.
795 437 911 482 1328.

321 500 384 532 10.
403 489 570 540 Populus
591 489 770 529 vifilorem
793 498 831 525 vt
852 499 915 525 ex-

321 547 455 598 cipere
475 543 604 584 solitus
621 542 850 596 postinfign.
862 543 915 581 vi-

318 597 734 653 ftoriam.1840.9.Vise
744 598 912 639 etPlebs.

263 654 454 710 Populosa
473 668 513 696 vt
531 655 594 696 fiat
613 656 759 694 ciuitas.
770 656 863 707 691.
880 666 913 695 1.

316 712 600 767 Populofiffima
626 712 759 751 ciuitas
784 713 912 750 Roma.

773 778 915 820 270.1.

259 829 384 868 Porca
413 839 462 866 ex
490 823 774 865 immolantium
795 823 917 861 mani-

318 882 388 921 bus
422 878 569 934 effugit.
603 890 692 932 141.
716 888 776 919 11.
822 889 913 916 cum

316 935 392 977 suis
422 937 587 987 porculis
612 935 660 974 ab
680 939 819 974 Aenea
840 932 914 970 diis

313 994 545 1032 immolatur.
772 999 863 1040 144.
875 1000 913 1030 2-

259 1051 316 1092 M.
337 1050 495 1089 Porcius
518 1050 617 1090 Cato
651 1045 703 1084 de
721 1044 820 1083 Iliae
847 1056 913 1097 ge·

315 1105 443 1144 mellis
455 1116 556 1154 quae
568 1098 765 1153 scripserit.
778 1111 853 1141 201
863 1112 911 1150 .4.

315 1163 474 1202 Porcius
492 1162 601 1206 Cato,
631 1158 802 1208 diligens
820 1156 914 1194 anti-

316 1229 420 1268 quae
473 1214 654 1255 historiae
713 1211 909 1259 collecl013

312 1271 471 1324 quando
513 1274 672 1311 Romam
713 1267 912 1307 conditam

315 1326 514 1381 scripserit.
549 1332 638 1378 187.
657 1335 697 1377 9.
745 1325 842 1365 Cato
861 1322 912 1361 de

312 1383 490 1425 tribubus
522 1396 544 1421 a
572 1380 705 1423 Tullio
730 1378 912 1418 institutis

313 1441 407 1492 quid
431 1436 626 1490 scripserit.
764 1438 907 1488 673.9.

258 1498 351 1537 Lars
383 1493 550 1535 Porsena
569 1523 579 1539 ,
625 1504 695 1532 rex
721 1493 909 1537 Etruriae,

311 1565 402 1593 cum
446 1549 670 1601 Tarquiniis
716 1552 910 1589 Romanos

310 1617 528 1661 oppugnat.
549 1612 639 1657 892.
657 1616 695 1657 9.
746 1603 796 1642 de
813 1614 909 1654 pace

313 1676 401 1703 cum
419 1668 528 1704 Rom.
549 1662 638 1714 agit.
660 1670 754 1714 913.
775 1671 811 1710 ς.
833 1657 907 1697 litis

307 1721 412 1760 inter
439 1718 676 1768 Tarquinios
711 1724 749 1755 et
775 1717 910 1755 Roma·

311 1788 385 1815 nos
401 1773 544 1814 arbiter
556 1770 802 1811 constituitur.
814 1772 908 1822 916.

317 1843 381 1874 10.
434 1828 661 1879 Tarquiniis
697 1826 909 1878 repudiatis

310 1884 523 1940 magnifice
558 1896 644 1923 cum
672 1886 778 1923 Rom.
813 1882 906 1933 agit.

307 1956 406 1998 920.
425 1954 517 1994 pen.
537 1939 673 1992 quibus
692 1937 907 1977 honorariis

308 2014 333 2039 a
388 1997 569 2038 Romanis
628 2004 905 2037 remuneratus.

306 2067 404 2109 923.
426 2066 460 2106 5.
480 2052 600 2092 filium
612 2054 804 2092 Aruntem
820 2061 907 2088 cum

312 2114 508 2161 copiarum
535 2118 642 2159 parte
672 2105 719 2146 ad
739 2106 908 2146 Ariciam

309 2165 380 2206 sibi
443 2162 724 2217 subiugandam
779 2161 907 2200 mittit.

654 2229 771 2271 1321.
791 2224 826 2266 8.
842 2229 904 2257 10.

256 2283 374 2323 Porta
393 2278 564 2328 Capena.
596 2284 713 2326 1510.
731 2284 769 2325 9.
812 2273 908 2313 Car-

312 2333 503 2375 mentalis.
532 2337 594 2381 84.
614 2341 652 2381 7.
700 2328 905 2380 Mugonia.

314 2401 408 2443 342.
434 2399 466 2429 1.
511 2389 621 2426 Sacra
641 2384 679 2422 in
701 2383 908 2434 Capitolio,

313 2443 466 2496 semper
487 2453 633 2494 patens.
644 2451 722 2480 202
733 2451 759 2480 1.
771 2450 809 2491 9.
826 2438 909 2478 Tri·

314 2501 483 2555 gemina.
505 2504 567 2551 84.
582 2509 619 2549 9.
644 2506 799 2545 10014.
822 2496 908 2533 Por-

315 2570 372 2597 tas
389 2551 658 2595 secedentibus
679 2549 908 2599 clauditAp·

314 2615 400 2667 pius
418 2609 628 2651 decemuir.
739 2616 856 2649 2212·
870 2615 906 2646 2.

970 214 1230 251 Portentum:
1266 219 1400 251 amnes
1434 218 1623 264 retrogra-

1025 266 1084 304 dis
1104 265 1271 305 fluentes
1288 269 1407 318 aquis.
1432 279 1621 320 1317.14‚

1024 321 1250 374 Prodigium
1314 322 1618 362 subterraneum.

1022 384 1115 430 783.
1138 389 1229 429 pen.
1277 380 1464 418 Portentis
1481 376 1622 430 siguifi-

1029 444 1134 471 catur
1163 433 1217 471 ira
1235 435 1404 473 numinis
1423 435 1472 472 ob
1492 432 1622 471 Vesta-

1027 489 1075 527 lis
1103 488 1262 542 virginis
1287 489 1468 540 stuprum.
1503 501 1620 541 1730.

1030 557 1090 587 10.
1105 544 1156 582 de
1169 546 1358 584 Por-tentis
1369 546 1469 584 varia
1479 545 1622 583 iudicia

1022 599 1237 640 hominum.
1272 611 1387 654 1475.
1421 612 1479 642 12.
1531 605 1621 640 1¹01·-

1025 667 1134 695 tenta
1157 654 1380 696 deferuntur
1397 657 1443 695 ad
1465 666 1568 695 vates
1581 665 1621 695 et

1027 712 1242 765 pontifices.
1266 720 1381 765 1852.
1402 725 1438 752 2.
1463 725 1497 765 3.
1527 713 1621 750 Por·

1028 779 1137 807 tenta
1163 770 1469 820 interpretantur
1496 767 1622 818 ponti-

1025 823 1127 874 tices,
1147 822 1208 863 seu
1231 821 1416 863 sacrorum
1435 824 1621 874 interpre-

1025 890 1101 927 tes,
1141 881 1287 919 collatis
1309 882 1411 920 inter
1441 877 1478 918 se
1498 876 1621 929 obser-

1023 936 1254 974 vationibus.

970 991 1143 1030 Porticus
1161 991 1317 1041 simplici
1331 992 1440 1030 teilo.
1457 992 1618 1043 583³st-

1026 1047 1199 1085 Porticus
1217 1048 1356 1099 triplici
1369 1047 1467 1086 teilo
1485 1055 1616 1100 5837.

969 1099 1241 1149 Poffeffiones,
1278 1104 1463 1157 legitimis
1492 1098 1619 1149 armis,

1023 1156 1088 1198 seu
1108 1157 1204 1197 belli
1224 1160 1320 1203 iure,
1341 1170 1482 1209 partae,
1500 1155 1618 1196 iustis-

1024 1213 1614 1263 fimaeethonestiffimae.1123.

1028 1282 1088 1312 11.
1115 1281 1454 1325 1524.11.2325.
1478 1282 1514 1321 3.
1533 1264 1617 1307 Pos-

1020 1323 1201 1366 semones
1263 1339 1345 1365 non
1403 1325 1614 1379 legitimae.

1024 1387 1140 1434 1887.
1163 1395 1199 1435 3.
1223 1379 1469 1422 Posseffiones
1489 1381 1534 1426 vi,
1553 1389 1617 1418 aut

1020 1436 1164 1486 furtim,
1183 1435 1348 1486 inuasae,
1364 1434 1618 1476 censentur-il-

1020 1494 1231 1545 legitimae.
1254 1504 1372 1545 2075.
1395 1501 1428 1542 g.
1477 1488 1616 1532 Poffes·

1019 1547 1145 1588 fiones
1174 1546 1319 1596 sacrae,
1356 1561 1380 1588 e
1406 1548 1544 1600 quibus
1563 1544 1616 1586 sa-

1019 1604 1158 1644 crificia
1194 1604 1265 1643 diis
1303 1602 1407 1643 fiunt.
1455 1615 1548 1656 499.
1580 1613 1615 1644 1.

1016 1658 1291 1700 Poffeffionum
1302 1660 1470 1700 termini.
1482 1660 1615 1712 3963.

1475 1717 1615 1767 398-6-

964 1775 1013 1815 A.
1024 1770 1235 1811 Postumius
1254 1769 1353 1814 cons.
1378 1783 1493 1824 1039.
1505 1783 1541 1818 4.
1561 1769 1617 1807 di-

1018 1828 1135 1867 θεῖοι·
1153 1827 1292 1875 dicitur
1314 1841 1335 1866 a
1347 1826 1614 1880 Virginiocol-

1019 1884 1108 1936 lega
1127 1881 1201 1922 suo.
1228 1895 1343 1936 1040.
1365 1895 1427 1926 12.
1467 1880 1614 1925 Latinis

1020 1940 1191 1978 occurrit.
1211 1950 1366 1992 10429.
1387 1942 1494 1979 Rom.
1507 1948 1617 1976 exer-

1019 1997 1113 2034 citus
1145 1994 1312 2036 mediam
1330 1994 1451 2033 aciem
1473 2002 1613 2032 tuetur.

1023 2056 1140 2102 1048.
1164 2054 1201 2094 6.
1252 2050 1299 2088 ad
1318 2050 1474 2089 exercit.
1496 2046 1613 2086 verba

1016 2105 1118 2146 facit.
1143 2117 1259 2158 1049.
1280 2117 1317 2157 9.
1346 2104 1452 2143 bello
1471 2104 1612 2145 Latino

1015 2160 1153 2203 aedem
1164 2163 1307 2206 Cereri,
1327 2159 1480 2207 Libero,
1499 2159 1612 2198 etLi·

1018 2218 1135 2256 berae
1156 2226 1280 2254 vouet.
1313 2218 1427 2258 1260.
1454 2226 1514 2256 10.
1561 2212 1612 2252 de

1018 2273 1159 2313 Latinis
1188 2270 1396 2322 triumphat
1413 2299 1422 2317 ‚
1464 2282 1502 2310 et
1525 2279 1612 2310 vota

1017 2328 1090 2366 diis
1112 2324 1309 2378 pei-soluit.
1335 2337 1451 2379 1077.
1473 2337 1513 2379 7.
1556 2325 1613 2364 di·

1016 2384 1154 2421 fflatur-a
1172 2383 1327 2428 eiurata,
1350 2395 1436 2420 cum
1458 2382 1611 2434 collega

1019 2436 1194 2476 consules
1219 2437 1401 2490 defignat.
1434 2448 1549 2490 1091.
1571 2440 1610 2478 6.

1016 2498 1063 2535 Λ.
1104 2494 1317 2534 Postumius
1354 2493 1478 2534 Albus
1520 2505 1610 2532 cum

1019 2551 1187 2600 equitatu
1199 2548 1379 2601 pedester
1389 2559 1523 2588 contra
1533 2554 1612 2588 Au-

1023 2618 1164 2648 runcos
1207 2603 1406 2647 fortissime
1440 2604 1608 2644 dimicat.

1491 2661 1609 2703 1116.

1394 947 1511 989 1730.
1525 947 1618 987 pen.
1661 963 1666 966 .
