1751 3154
575 125 987 172 RERVM.

153 248 216 292 13.
241 236 539 279 Atheniensium
561 240 689 280 clades
706 240 749 280 in

149 295 292 336 Sicilia.
315 302 457 347 3522.
484 293 749 336 Athenienses

149 348 298 392 exsules
315 350 466 390 Thebis
486 351 662 406 benigne
684 352 748 392 ha-

150 406 235 446 biti.
262 418 400 459 5954.
421 406 748 461 Atltenienfispo«

149 461 264 513 pulus
282 460 398 511 exsul,
423 464 614 503 ePiraeeo
637 466 677 502 in
692 477 749 503 vr-

146 516 239 556 bem
259 517 371 557 redit.
393 531 483 573 525.
497 533 590 571 pen.
610 521 748 573 oligar-

150 572 266 612 chiae
292 585 466 626 tempore
487 589 604 626 quam
626 575 746 615 fidem
775 588 778 591 ’

149 629 390 683 praestiterit.
419 643 510 683 529.
541 638 578 679 3.
626 630 746 673 Athe-

148 684 295 725 niensis
306 688 442 738 populi
453 700 592 726 mores.
608 698 742 739 4021.

147 740 400 782 Athenienlis
442 743 577 795 populi
611 744 652 781 in
680 743 744 781 de-

150 798 352 837 cernendo
374 798 638 838 inconstantia.
651 811 744 851 575.

152 865 217 897 12.
242 853 540 893 Atheniensibus
561 856 745 892 omuibus

155 911 251 961 reip.
290 908 547 962 capeffendae
581 911 640 949 ius
669 907 747 949 effe

152 978 388 1012 commune,
435 966 518 1004 vult
549 967 748 1018 popularis

147 1022 351 1073 regiminis
375 1019 541 1060 affertur.
584 1028 675 1075 523.
704 1034 743 1073 3.

146 1076 446 1118 Athenienfium
487 1090 662 1116 veterum
694 1078 747 1116 lu-

150 1145 231 1173 xus.
254 1134 345 1185 856.
367 1145 407 1186 9.
447 1132 747 1174 Atheniensium

148 1199 326 1228 veterum
348 1200 386 1228 et
397 1193 657 1229 recentiorum
670 1190 747 1228 col-

148 1245 273 1293 latio,
316 1258 363 1284 ex
397 1242 506 1284 lsocr.
556 1257 674 1287 1001.
708 1250 745 1293 8.

150 1299 454 1353 Athenienfiutn
482 1303 747 1341 recentiorum

153 1368 241 1395 cum
275 1356 467 1396 veteribus
486 1358 660 1405 collatio,
698 1370 748 1396 ex

151 1412 352 1452 Demosth.
385 1425 500 1466 1015.
529 1426 567 1466 7.
630 1412 747 1455 Athe-

150 1469 343 1508 nienfium
370 1469 459 1508 duci
488 1471 620 1521 iniqua
643 1481 681 1508 et
702 1471 750 1508 ir-

152 1521 330 1577 religiosa
352 1524 557 1579 aThucyd,
572 1525 749 1564 tribuitur

153 1581 262 1620 actio.
577 1589 669 1635 918.
686 1592 748 1622 12.

96 1635 292 1684 Athletae,
314 1637 497 1676 Mercurii
518 1648 556 1676 et
569 1638 749 1677 HercuIIs

148 1690 325 1744 discipuli
344 1703 385 1732 et
403 1693 553 1734 aemuli.
577 1697 743 1744 269.12.

149 1761 373 1801 panegyres
393 1759 431 1788 vt
443 1759 595 1788 ornent.
608 1752 743 1802 2265.

155 1802 368 1843 cuiusmodi
381 1805 559 1845 oratione
570 1816 661 1845 ante
671 1818 750 1844 cer·

149 1869 283 1900 tamen
310 1859 551 1899 exhortandi.
589 1864 683 1913 267.
712 1872 749 1913 5.

425 1918 590 1968 269.10.
612 1921 748 1968 2762.

99 1970 426 2013 Athmonensium
456 1969 678 2023 disceptatio
698 1969 752 2010 su-

153 2040 225 2080 per
261 2026 471 2081 Myrrhine
514 2039 554 2067 et
590 2030 748 2069 Milace.

608 2086 658 2124 6-
693 2097 751 2126 .1.

99 2141 243 2182 Atreus
300 2138 515 2193 Eurystheo
568 2098 750 2179 suc3e7dir.

581 2198 671 2244 806·
688 2208 749 2238 10.

102 2253 285 2292 Attentus
317 2251 469 2292 auditor
495 2262 532 2292 vt
559 2252 749 2291 reddatur.

580 2320 748 2359 501.12.

101 2361 233 2405 Atthis
243 2361 478 2411 Philochori,
499 2364 538 2403 id
559 2364 612 2404 est
623 2365 750 2404 Attica

160 2417 326 2457 historia.
418 2431 510 2473 734.
528 2432 587 2460 12.
603 2432 746 2473 741.3.

99 2474 265 2515 Atticam
278 2474 482 2514 vtlaudarit
493 2476 747 2529 Plato-2609.

159 2541 278 2582 1039.
304 2531 367 2569 vlt.
386 2531 437 2570 de
448 2532 571 2571 Attica
589 2532 692 2572 inter
709 2530 748 2572 se

157 2586 448 2626 contenderunt
480 2587 665 2627 Minerua
710 2598 748 2628 et

153 2643 372 2694 Neptunus.
552 2654 670 2698 1040.
686 2656 749 2700 13.

804 239 934 284 Attica
954 239 1107 281 historia
1117 240 1347 282 Philochoti.
1361 247 1454 297 636.

860 303 896 345 8.
919 298 1042 336 Attica
1061 297 1166 337 musa
1185 313 1205 337 a
1225 298 1395 352 Phrygia
1416 311 1456 340 et

857 350 998 392 Aliana
1018 352 1184 404 expulsa.
1204 359 1296 407 446.
1311 357 1367 394 vlt,
1390 363 1457 396 At-

857 407 931 446 tica
952 408 1087 460 lingua
1106 422 1227 457 vetus,
1248 423 1383 460 parum
1405 411 1454 450 ab

857 464 990 503 Ionica
1010 462 1260 517 discrepabat.
1286 471 1455 518 86412.

854 520 1009 559 Atticae
1036 520 1196 572 linguae
1222 524 1360 560 veteris
1391 535 1456 562 ex-

813 593 834 610 n
857 576 1005 626 emplar
1032 574 1286 628 Thucydides
1312 589 1352 617 et
1369 579 1456 618 Pla-

812 653 816 656 >
853 632 1455 686 1031·ecentioris‚Lyfias.4543.

854 688 1009 728 Atticae
1028 688 1187 740 linguae
1204 702 1340 727 norma
1360 691 1459 741 opti·

854 756 917 781 ma
933 743 1199 794 Thucydides.
1339 758 1454 798 75.9.

802 800 971 850 Atticus,
1012 800 1135 838 oratio
1161 799 1362 841 Dinarcho
1393 801 1457 840 ad-

856 852 990 907 scripta
1007 854 1111 894 falso.
1305 862 1399 909 658.
1414 859 1455 899 6.

804 911 1018 952 Aut'loritas
1035 910 1264 962 scriptorum
1277 910 1390 963 saepe
1400 913 1459 950 iu-

860 967 1006 1005 dicium
1031 969 1253 1017 corrumpit.
1314 971 1456 1020 3965.

804 1023 1014 1063 Auitumni
1035 1021 1178 1061 laudes.
1279 1033 1373 1075 229.
1392 1036 1456 1066 11.

802 1078 1002 1121 Audaciae
1038 1078 1278 1117 fortitudinis
1305 1092 1460 1119 nornen

860 1134 1051 1174 tribuitur.
1084 1141 1174 1184 808.
1198 1147 1258 1186 17.
1287 1141 1376 1186 887.
1394 1147 1456 1187 14.

1311 1204 1406 1243 954·
1424 1202 1458 1233 1·

803 1244 1022 1296 Audentia,
1064 1247 1207 1286 oratori
1234 1245 1460 1286 neceffaria.

1314 1315 1406 1357 535-
1421 1308 1460 1351 8·

803 1357 1036 1400 Auditorum
1086 1357 1285 1398 diuersitas
1331 1359 1462 1398 diuer-

857 1412 934 1454 sam
962 1415 1077 1454 etiam
1094 1416 1279 1453 orationis
1299 1426 1458 1467 compo-

861 1470 1040 1510 sitionem
1069 1470 1241 1523 postulat.
1270 1478 1364 1524 998.
1393 1471 1457 1510 vlt.

866 1539 982 1568 1000.
1005 1540 1041 1580 3.
1083 1526 1278 1566 auditores
1297 1540 1379 1564 rem
1402 1528 1461 1566 in-

860 1584 1042 1635 telligere
1070 1596 1152 1622 non
1173 1579 1349 1634 possunt,
1387 1581 1461 1621 nifi

861 1638 1062 1690 perspicue
1075 1639 1302 1689 explicetur.
1321 1645 1372 1687 28
1383 1650 1457 1680 1.1.

805 1694 975 1736 Auditus
1012 1705 1051 1734 et
1077 1691 1171 1732 visus
1200 1692 1285 1732 fere
1314 1694 1460 1734 eodem

858 1750 976 1790 modo
998 1749 1228 1789 afficiuntur.
1247 1761 1311 1803 52.
1330 1753 1368 1792 6.
1395 1763 1460 1788 au-

862 1806 964 1845 ditus
984 1803 1254 1845 consuefafi‘tio.
1285 1817 1378 1858 474.
1391 1807 1462 1844 vlt.

806 1864 944 1915 Auge,
983 1863 1074 1901 Alei
1096 1860 1189 1909 filia,
1217 1875 1266 1901 ex
1285 1862 1458 1901 Hercule

861 1918 1034 1970 grauida.
1305 1930 1400 1958 220.
1421 1929 1455 1959 1·

807 1975 925 2020 Aulis,
948 1974 1133 2013 Boeotiae
1156 1986 1244 2024 opp.
1310 1985 1399 2014 102.
1419 1985 1456 2025 3.

806 2029 978 2070 Auribus
1003 2028 1094 2068 fidei
1119 2029 1298 2067 tribuitur
1318 2031 1460 2076 minus,

860 2099 976 2136 quam
995 2085 1125 2124 oculis.
1159 2092 1219 2133 18.
1241 2096 1276 2124 2.
1307 2098 1400 2138 401.
1418 2097 1458 2126 2.

863 2154 974 2181 aures
998 2142 1150 2192 Vtrique
1170 2143 1266 2193 parti
1286 2154 1459 2180 commu-

860 2209 931 2236 nes
957 2197 1159 2248 praebere.
1192 2209 1280 2248 570.
1305 2205 1340 2246 8.
1393 2210 1460 2236 au-

859 2254 959 2292 rium
981 2252 1166 2292 iudicium
1185 2253 1260 2292 (luo
1280 2254 1455 2304 requirit,

860 2320 900 2348 vt
937 2309 1156 2360 compositio
1196 2306 1318 2348 suauis
1345 2308 1387 2347 fit
1417 2320 1457 2347 et

857 2364 1026 2417 pulchra.
1049 2378 1110 2418 52.
1125 2377 1161 2416 ς.
1184 2377 1293 2404 aures
1316 2364 1456 2414 quibus

856 2421 1111 2461 delec'tentur.
1126 2433 1187 2473 55.
1208 2431 1239 2461 1.
1251 2433 1362 2459 aures
1373 2432 1459 2471 per·

856 2479 1075 2517 mulcentur
1111 2478 1283 2527 eleganti
1314 2476 1450 2514 verbo-

854 2547 938 2573 rum
957 2531 1250 2584 compositione.
1311 2543 1450 2583 1410.

803 2591 901 2632 Auri
923 2602 1008 2629 cum
1028 2602 1121 2628 auro
1134 2588 1299 2627 collatio.
1315 2598 1449 2641 7541.

803 2646 990 2690 Auster-ae
1019 2643 1302 2696 compositionis
1328 2645 1455 2684 chara·

914 2706 951 2745 A
970 2715 1021 2743 aa
1049 2713 1076 2743 2
1365 2703 1455 2744 (iter.
