1751 3154
523 124 935 168 RERVM.

98 239 266 279 senatus
301 236 361 274 ius
390 235 697 276 communicatur

98 295 220 334 etiam
239 291 417 345 plebeiis.
500 295 616 346 1467.
629 293 694 330 vlt.

43 351 207 393 Senatus
241 361 432 401 proceres.
485 353 602 392 1016.
634 360 695 402 15.

98 409 263 448 Senatus
285 406 472 456 primores
489 406 602 457 primi
616 402 697 443 sen-

98 462 238 501 tentias
255 461 401 500 dicunt.
425 472 542 513 1233.
562 472 600 512 7.
632 461 698 500 Se-

94 528 208 558 natus
228 519 421 569 princeps,
441 517 629 568 idemque
639 530 698 556 vr·

96 573 157 613 bis
167 573 384 626 praefectus
401 576 695 625 260122613.

44 630 254 671 Senatores
285 631 458 668 iuniores
488 630 527 668 in
547 640 698 681 patrum

98 698 215 726 coetu
252 700 336 725 non
362 684 536 726 solebant
564 685 698 724 dicere

93 742 304 783 sententias
324 773 334 791 ‚
367 740 431 781 sed
459 743 502 780 in
528 737 698 779 consula-

96 800 198 839 rium
225 796 402 852 suffragia
430 795 694 836 discedebant.

98 855 219 908 1416.
238 867 274 895 2.
295 856 335 893 in
349 858 579 894 Senatorum
598 853 696 892 vitas

98 911 304 963 inquiritur
323 924 343 950 a
356 906 587 949 censoribus.
600 913 696 962 699.

602 979 695 1019 pen.

44 1020 379 1065 Senatusconsulta
407 1035 489 1061 non
515 1020 603 1062 sunt
632 1023 697 1061 lex

97 1092 290 1133 perpetua
308 1108 318 1127 ‚
371 1075 438 1117 sed
486 1078 701 1117 institutum

96 1138 140 1176 in
181 1148 297 1175 vnum
323 1134 509 1174 duntaxat
538 1148 699 1174 annum.

100 1197 221 1244 1845.
246 1198 281 1241 8.
326 1190 375 1229 fic
394 1191 518 1230 annui
538 1187 701 1230 senatus-

101 1246 270 1287 consulti
290 1247 448 1286 'mentio
479 1245 531 1286 fit.
579 1259 700 1301 2303.

102 1318 194 1357 pen.
214 1300 596 1343 senatusconsultum
617 1316 702 1342 non

104 1360 326 1411 requiritur,
349 1359 413 1398 vbi
435 1360 498 1399 lex
516 1359 555 1398 in
576 1373 704 1411 prom-

101 1426 143 1454 tu
172 1415 238 1455 est.
274 1427 389 1467 1400.
416 1427 477 1458 ιι.
529 1412 705 1456 Senatus-

103 1469 325 1511 consultum
360 1470 543 1513 scribitur.
585 1484 702 1525 1444.

104 1531 170 1571 16.
218 1527 265 1567 ad
300 1529 490 1580 populum
529 1526 705 1574 refertur,

104 1581 269 1634 eiusque
290 1583 437 1623 calculo
457 1585 704 1636 permittitur.

104 1644 200 1691 265.
226 1647 260 1688 g.
294 1646 411 1692 1589.
434 1643 471 1682 6.
531 1637 707 1682 Senatus-

103 1694 324 1735 consultum
352 1710 374 1735 a
402 1694 518 1736 conss.
542 1695 704 1735 conscri-

104 1764 228 1805 ptum,
254 1753 303 1791 ad
323 1752 480 1803 plebem
502 1752 668 1793 refertur
685 1767 708 1793 a

105 1808 272 1846 tribunis
292 1808 394 1858 pleb.
415 1821 534 1862 2304.
555 1825 593 1863 4.
644 1812 709 1850 Se·

105 1862 432 1904 natusconsultum
461 1879 482 1904 a
509 1867 631 1917 plebe
646 1881 710 1918 ap—

107 1921 304 1972 probatur.
324 1931 446 1973 2130.
467 1933 506 1973 9.
531 1919 711 1962 Senatus·

107 1974 281 2020 consulta
298 1976 425 2029 plebis
441 1974 541 2017 scitis
551 1979 710 2030 permit·

107 2043 256 2071 tuntur.
512 2038 630 2088 1396.
647 2046 709 2087 14.

52 2088 235 2129 Seniores
252 2100 293 2127 et
313 2089 582 2130 honoratiores
594 2091 709 2142 primi

106 2143 319 2185 sententias
346 2158 547 2201 rogantur.
585 2153 709 2200 2298.

0 2235 1 2238 η
565 2209 713 2252 8—10.

0 2247 1 2293 l
55 2255 236 2297 Senones
263 2260 367 2300 Galli
403 2274 426 2300 a
451 2263 492 2300 P.
522 2260 714 2301 Cornelio

112 2314 298 2365 Scipione
315 2314 441 2356 excisi.
513 2329 635 2370 2344.
647 2316 712 2356 vlt.

57 2370 292 2411 Sententiae
328 2371 522 2413 dicendae
555 2385 714 2425 praero-

113 2426 256 2479 gatiua.
276 2428 368 2479 366.
386 2429 450 2467 vlt.
482 2431 714 2471 Sententiae

111 2495 190 2533 quo
217 2482 356 2522 ordine
375 2496 397 2522 a
415 2482 635 2525 consulibus
656 2498 716 2524 ro-

110 2537 712 2592 gataefuerint.1415.15.2173-

117 2601 472 2647 10.2203.8.2298
493 2603 526 2645 g.
548 2600 717 2637 Senten-

113 2651 183 2691 tias
201 2663 389 2706 rogantur
408 2654 525 2706 primi
541 2654 716 2695 omnium

773 2597 984 2649 Sequinius
1002 2596 1190 2637 Albanus.

773 2654 1428 2708 M.Se1·giuquir·2148·1.2214.8.

1048 218 1063 232 0

809 233 1182 288 senatus'prd‘ceres.
1225 243 1347 292 1233.'
1365 247 1407 293 7.

809 294 1053 333 Sententiam
1095 291 1312 334 consulares
1347 308 1409 333 ro-

809 358 952 402 gantur
996 362 1067 400 pro
1109 352 1244 390 aetatis
1282 347 1412 390 discri-

805 405 925 445 mine.
953 415 1068 458 1194.
1090 418 1126 458 3.
1167 407 1412 448 Sententiam

810 462 934 500 vltimi
989 472 1175 513 rogantur
1223 464 1410 502 iuniores.

810 518 929 569 1196.
953 528 986 558 1.
1027 517 1074 555 ad
1094 519 1337 559 Sententiam
1355 519 1411 557 di-

807 574 975 612 cendam
1009 570 1074 611 suo
1101 571 1262 625 quisque
1287 577 1412 614 nomi-

808 642 861 669 ne
882 631 1029 668 citatur.
1055 634 1222 684 1169-9-
1244 633 1411 672 Senten-

807 686 900 725 tiam
925 686 1054 725 dicere
1080 683 1145 725 suo
1164 688 1306 738 cuique
1324 688 1411 727 loco

809 739 1031 782 concefl'um
1050 741 1114 781 est.
1128 753 1247 795 2172.
1259 755 1296 796 9.
1315 746 1412 783 Sen-

809 800 1021 838 tentiarum
1041 798 1303 851 rogandarum
1328 811 1413 837 mos

808 869 830 894 a
895 855 1130 896 decemuiris
1195 855 1413 896 inuertitur.

808 923 1029 963 2193.pen.
1052 913 1288 960 Sententias,
1313 922 1350 950 vt
1369 913 1414 950 in

808 966 973 1013 iudiciis,
992 966 1039 1006 {ic
1058 967 1099 1006 in
1118 964 1251 1013 senatu
1272 970 1415 1007 iuraras

811 1022 888 1061 dici
938 1022 1136 1075 postulant
1178 1024 1322 1063 tribuni
1360 1025 1415 1076 pl.

817 1090 936 1131 1397.
966 1091 1026 1132 13.
1077 1081 1318 1120 Sententiam
1346 1079 1415 1132 qui

813 1137 959 1188 primus
970 1147 1138 1189 rogatur,
1154 1138 1319 1176 reticere
1331 1149 1415 1175 non

814 1190 937 1231 debet
954 1222 964 1240 ,
1004 1204 1106 1244 quae
1135 1205 1230 1245 prae
1254 1193 1415 1232 caeteris

813 1247 1135 1288 emendationem
1198 1250 1415 1300 requirunt.

812 1309 936 1356 2178.
952 1315 1012 1357 13.
1034 1307 1324 1345 Sententiarum
1341 1319 1419 1344 ma·

813 1361 873 1400 ior
904 1374 992 1411 pars
1020 1359 1184 1403 obtinet.
1230 1373 1350 1415 2292.
1378 1372 1417 1412 4.

812 1417 1022 1456 Sententia
1050 1431 1153 1469 quae
1180 1415 1419 1465 obtinuiffet,

818 1469 956 1524 scripto
968 1474 1232 1514 mandabatur.
1251 1486 1419 1526 2209.3.

763 1529 924 1581 Septem
942 1542 1075 1581 aquae,
1097 1530 1213 1570 locus.
1247 1543 1310 1583 39.
1324 1542 1419 1581 pen.

763 1585 925 1637 Septem
954 1587 1047 1639 pagi
1068 1587 1236 1626 Romulo
1262 1585 1422 1625 tradun-

818 1652 878 1680 tur
912 1655 934 1680 a
969 1643 1212 1682 Veientibus.
1255 1655 1349 1696 353.
1381 1653 1420 1695 9.

816 1695 973 1738 Etrusco
1008 1710 1056 1737 ex
1083 1699 1193 1750 paflo
1224 1699 1424 1738 restituun-

821 1765 891 1793 tur.
912 1766 1084 1808 915.11.
1104 1757 1318 1797 Romanisa
1332 1756 1424 1793 P-or-

819 1807 911 1849 sena
930 1809 1161 1851 redduntur.
1276 1822 1423 1864 927.9.

766 1866 990 1918 Septembr.
1012 1867 1180 1907 Kalend.
1204 1865 1424 1906 consulatus

822 1923 942 1961 initur
952 1935 1084 1962 contra
1094 1937 1254 1963 morem.
1263 1935 1279 1966 1
1292 1936 1307 1965 1
1317 1929 1422 1976 518.

765 1979 1096 2031 Septentrionalia
1122 1980 1347 2022 meridianis
1371 1978 1426 2021 al-

822 2036 934 2075 tiora.
1245 2039 1341 2090 246.
1359 2042 1429 2076 12.'

765 2091 975 2143 Sepultura
987 2088 1271 2139 despuetur-um,
1281 2103 1427 2144 cogna-

824 2147 872 2186 tis
893 2146 986 2199 lege
998 2147 1167 2193 iniundta
1178 2148 1245 2189 est.
1260 2159 1426 2202 2242.2.

770 2202 1006 2255 Sepulcrum
1060 2204 1165 2243 velut
1208 2202 1426 2244 sacrarium.

826 2266 920 2313 958.
940 2272 977 2312 4.
998 2260 1182 2312 Sepulcra
1199 2262 1263 2299 vni
1285 2260 1426 2312 plurib.

824 2316 866 2354 in
879 2316 971 2354 locis
983 2315 1429 2370 condita.137.9.139.2.

825 2372 1020 2423 Sepulcris
1048 2373 1238 2411 maiorum
1259 2371 1430 2413 excludi·

827 2437 889 2466 tur
908 2427 1083 2479 degener
1100 2427 1263 2467 soboles.
1283 2430 1429 2482 465.6.

826 2484 1072 2536 Sepulcrales
1111 2483 1291 2524 honores.
1334 2491 1428 2538 380.

1365 2553 1430 2584 10.

1279 2609 1375 2652 444·
1389 2611 1427 2651 3·

1300 2711 1432 2752 Serui-

886 2712 1013 2765 Yy5
