1751 3154
553 122 966 166 RERVM.

74 238 249 293 Sibyllae
280 234 445 276 oracula.
479 245 566 288 124.
590 247 629 287 3.
674 233 731 274 Si·

133 295 263 348 byllae
294 291 530 344 Erythraeae
570 291 728 330 oracula.

131 363 220 403 140.
243 350 304 388 vlt.
355 348 546 401 Sibyllina
566 346 727 386 oracula.

129 413 195 456 88.
219 417 277 447 10.
307 412 397 456 580.
422 416 460 456 9.
508 403 728 455 Tarquinio

127 460 354 502 offeruntur.
375 473 468 512 790.
487 472 524 512 4.
561 472 730 511 quorum

124 531 240 557 curae
285 514 487 555 commissa.
531 528 624 569 791.
665 528 727 557 12.

126 588 245 626 quam
291 574 504 625 diligenter
543 570 728 612 affernata

86 647 90 649 ·
124 631 285 676 fuerint,
306 640 345 667 et
369 625 725 680 quandoinspeeta.

85 704 87 706 ’
123 699 220 741 792.
241 698 299 727 10.
320 684 575 737 inspiciuntur
591 684 632 721 in
649 696 726 721 ma-

121 756 204 796 gno
222 755 405 781 annonae
426 752 542 780 metu.
567 746 725 792 10783·

127 801 177 838 de
204 799 307 838 bello
333 808 494 838 externo
523 798 669 848 pariter
688 806 728 834 et

125 855 308 895 intestino
322 863 586 904 praemonent.
604 857 724 905 1987.

121 925 162 953 2.
192 923 309 962 2003.
331 923 368 963 9.
419 908 610 962 Sibyllina
646 921 727 946 ora-

128 969 215 1007 cula
234 966 315 1018 post
333 966 544 1017 primorum
561 963 726 1004 exustio-

123 1037 216 1064 nem
245 1023 353 1063 vai-iis
374 1034 420 1061 ex
441 1022 531 1060 locis
555 1020 724 1068 colleda,

126 1079 355 1125 adulterata3
393 1089 431 1115 et
461 1091 535 1129 qua
554 1087 650 1116 nota
674 1075 728 1114 di·

127 1132 260 1190 gnosci
282 1144 441 1186 queant,
462 1145 556 1187 793.
577 1144 726 1186 3—15.

125 1192 411 1244 Sibyllinorum
487 1190 728 1228 oraculorum

128 1247 305 1287 custodes
326 1258 423 1298 quae
436 1244 644 1284 habuerint
656 1246 729 1296 pri-

125 1305 285 1357 vilegia.
345 1310 347 1313 “
582 1303 727 1354 7926.

72 1359 301 1401 Sicanorum
321 1358 442 1410 regio.
469 1369 606 1411 1323.
628 1357 730 1397 Sica-

127 1417 193 1456 nia
213 1430 234 1455 a
254 1414 401 1455 Sicanis
425 1414 572 1466 populo
595 1409 728 1464 Hispa-

128 1473 220 1511 nico
255 1471 376 1517 diem
415 1483 517 1521 quae
537 1469 730 1509 ante'l'ri.

124 1529 265 1572 nacria.
288 1527 371 1579 post
389 1527 532 1567 Sicilia.
613 1537 726 1578 573.

71 1589 110 1627 L.
135 1585 280 1625 Siccius
303 1585 495 1622 Dentatus
522 1594 625 1632 quae
654 1594 725 1633 pro

124 1642 218 1694 lege
236 1639 383 1692 agraria
400 1641 446 1677 ad
469 1638 628 1691 plebem
650 1651 727 1677 ver-

125 1696 176 1736 ba
193 1694 342 1735 fecerit.
371 1698 491 1742 2086.
508 1706 548 1747 7.
595 1693 728 1732 mode-

127 1753 201 1793 rari
223 1751 404 1791 mulfflim
427 1749 573 1790 suadet.
605 1761 728 1791 2101.

131 1820 195 1851 12.
253 1819 340 1846 cum
380 1808 628 1847 emeritorum
670 1818 730 1844 co-

129 1863 244 1903 horte
267 1862 535 1915 ociingenaria
555 1859 730 1901 consules

127 1922 168 1960 in
190 1919 333 1958 bellum
355 1915 532 1968 sequitur.
557 1930 677 1971 2105.
692 1919 729 1970 6.

130 1976 178 2015 ad
213 1975 364 2014 Romilii
404 1970 497 2012 iu'ffa
537 1985 637 2025 quae
675 1986 732 2012 re-

128 2030 340 2082 sponderit.
365 2041 486 2083 2109.
499 2032 537 2072 6.
556 2041 679 2082 2111·
694 2030 732 2082 6.

128 2089 247 2139 captis
259 2095 484 2137 Aequorum
496 2085 633 2132 castris,
648 2086 733 2125 acie

129 2156 289 2194 quoque
328 2141 484 2183 eosdem
524 2140 653 2181 fundit
689 2153 734 2180 ac

128 2198 249 2251 sugat.
271 2211 320 2240 21
333 2211 390 2252 ¹4-
403 2211 440 2241 2.
464 2196 734 2238 consulumin-

134 2256 271 2294 iuriam
299 2266 336 2294 vt
356 2256 450 2294 vltus
469 2253 522 2293 sit.
552 2257 672 2298 2116.
693 2266 731 2306 4.

133 2324 156 2349 a
178 2310 295 2361 plebe
315 2311 360 2350 ad
381 2311 621 2351 tribunatum
643 2323 735 2349 eue-

134 2366 251 2406 hitur.
286 2374 406 2416 2118.
439 2379 500 2408 10.
564 2367 733 2408 Romilio

137 2422 243 2461 diem
299 2422 346 2460 ad
394 2423 580 2474 populum
630 2423 734 2462 dicit.

137 2489 259 2530 2119.
281 2490 317 2528 9.
339 2502 395 2510 -—
417 2489 537 2520 2120.
558 2490 596 2530 3.
647 2491 736 2529 cum

135 2534 306 2574 Romilio
350 2536 390 2572 in
429 2535 590 2587 gratiam
624 2534 735 2573 redit.

134 2602 254 2640 2129.
282 2601 297 2630 1
311 2601 341 2631 1.
364 2591 513 2643 legatus
534 2591 573 2628 in
588 2589 739 2630 Crustu-

139 2647 292 2687 met-ina
303 2645 418 2686 castra
428 2646 602 2688 mittitur.
611 2657 734 2701 2219.

783 576 820 614 T

784 1107 823 1178 si

845 246 907 288 ις.
934 244 1056 277 2221.
1078 238 1117 282 8.
1171 233 1439 276 decemuirum

839 289 985 331 infidiis
1012 291 1227 342 perimitur.
1256 304 1376 345 2223·
1397 306 1437 334 2.

839 344 1151 399 splendidissimis
1181 344 1369 399 exsequiis
1389 347 1437 387 ab

841 404 1013 443 exercitu
1035 400 1227 454 sepelitur.
1242 407 1439 446 2226-12.

839 460 904 501 Ab
934 459 1017 498 aliis
1040 461 1266 499 nominatur
1282 463 1326 500 L.
1345 461 1440 502 Sici·

840 517 931 555 nius
950 518 1156 556 Dentatus.

823 603 830 612 .
859 572 1007 612 Siccius
1034 567 1177 609 consul.
1218 575 1338 624 1656.
1373 584 1437 615 11.

836 635 960 680 2087.
980 641 1016 681 5.
1062 625 1260 666 sortiffime
1283 627 1440 669 Volscos

837 683 1002 735 superat.
1023 686 1141 736 1665.
1171 696 1202 725 1.
1229 684 1281 723 de
1293 682 1440 724 Volscis

837 739 1060 792 triumphat.
1087 741 1203 792 1669.
1219 752 1280 781 12.
1302 741 1442 781 T.Sic-

839 798 922 836 cius
948 798 1122 849 legatus,
1161 795 1281 837 Fabio
1310 796 1361 835 de
1380 809 1442 834 ca-

837 854 919 892 stris
960 851 1200 904 recipiendis
1245 853 1337 891 vtile
1375 852 1441 891 dat

836 908 1048 955 confilium.
1082 921 1284 961 1770.13.
1337 907 1443 947 forti-

837 966 982 1005 tudinis
1021 965 1197 1017 praemio
1224 965 1440 1003 decoratur.

840 1034 958 1075 1773.
990 1033 1025 1073 5.
1074 1019 1149 1060 suis
1176 1020 1443 1060 laborantibus

836 1077 1024 1125 succurrit.
1273 1090 1388 1130 1775·
1403 1083 1440 1124 8·

829 1136 914 1175 cilia
933 1148 953 1173 a
973 1133 1112 1174 Siculis
1132 1132 1279 1182 (italica
1301 1137 1442 1186 gente)

841 1191 1114 1238 denominata,
1155 1202 1255 1240 quae
1276 1200 1369 1237 aute
1387 1189 1443 1229 Si-

841 1248 951 1287 cania
972 1256 1012 1285 et
1033 1246 1245 1285 Trinacria.
1267 1259 1330 1298 57.
1345 1259 1382 1299 9.
1402 1245 1443 1285 in

839 1304 966 1342 Sicilia
1013 1302 1228 1354 oppidatim
1267 1302 1444 1340 domina-

840 1359 982 1399 bantur
1002 1359 1168 1410 tyranni.
1191 1370 1308 1410 1309.
1321 1359 1380 1397 vlt.
1402 1359 1443 1396 in

837 1416 1009 1457 Siciliam
1036 1413 1315 1454 frumentatum
1346 1414 1443 1453 missi

841 1472 960 1526 legati
973 1474 1081 1511 Rom.
1107 1482 1266 1523 13093.
1282 1482 1326 1521 13
1341 1483 1442 1523 134

827 1528 1011 1579 <Siciliam
1032 1528 1370 1581 circumnauigare
1382 1540 1448 1565 co-

841 1594 988 1638 guntur
1000 1584 1121 1637 legati
1131 1585 1309 1639 Romani.
1326 1595 1341 1624 1
1351 1596 1372 1636 3
1385 1595 1444 1636 14.

842 1653 905 1684 10·
931 1641 1087 1682 Siciliae
1106 1633 1288 1678 defefflo.
1309 1650 1447 1691 27¹2!-

786 1698 830 1739 C.
861 1697 1032 1738 Sicinius
1058 1695 1233 1737 Eellutus
1282 1695 1444 1745 (homo

837 1754 975 1800 malus,
1005 1752 1217 1805 inglorius,
1248 1750 1448 1790 turbulen-

844 1810 936 1862 tus)
966 1808 1114 1860 plebeii
1136 1808 1284 1847 ordinis
1306 1808 1449 1846 milites

843 1865 892 1904 ad
951 1863 1213 1903 del'e'ciionem
1264 1863 1445 1909 concitat.

843 1933 1019 1974 11429·
1054 1927 1231 1972 1383·7·
1268 1925 1384 1972 1384·
1412 1930 1445 1960 1.

845 1976 1044 2016 consulum
1084 1977 1223 2028 legatis
1263 1988 1364 2026 quae
1391 1986 1449 2014 re-

845 2030 980 2084 sponsa
991 2031 1155 2071 dederit.
1172 2042 1288 2084 1143.
1306 2044 1338 2073 1.
1358 2043 1449 2071 con-

846 2090 962 2128 cione
983 2087 1172 2128 aduocata
1189 2085 1449 2135 secundaele-

847 2144 994 2197 gationi
1023 2143 1182 2183 dicendi
1214 2144 1366 2194 copiam
1395 2141 1450 2188 fa-

844 2201 907 2240 cit.
932 2213 1097 2251 1200.3.
1119 2197 1451 2258 plebeiisrespon-

846 2256 969 2311 dendi
983 2256 1209 2307 potestatem
1222 2254 1448 2308 facit.1203.

843 2324 883 2367 7.
919 2313 1050 2365 Largii
1070 2312 1248 2351 oratione
1268 2313 1448 2357 irritatus,

848 2371 1004 2423 grauius
1030 2369 1070 2408 in
1099 2369 1275 2419 patricios
1296 2366 1451 2413 inuehi-

848 2437 920 2466 tur.
954 2437 1070 2477 1227.
1098 2436 1157 2477 14.
1216 2425 1260 2463 (j.
1282 2424 1450 2473 Sicinius

849 2481 1022 2524 Bellutus
1040 2495 1060 2520 a
1082 2480 1198 2531 plebe
1217 2490 1371 2532 creatur
1389 2480 1451 2527 tri-

851 2538 990 2582 bunus.
1022 2548 1139 2588 1245.
1166 2536 1230 2574 vlt.
1280 2531 1450 2588 Sicinius

849 2595 988 2634 aedilis
1012 2592 1116 2644 pleb.
1147 2602 1262 2644 1344.
1274 2592 1338 2640 vlt.
1358 2592 1451 2640 Sici-

846 2651 934 2705 nius
955 2650 1094 2702 iterum
1117 2647 1304 2704 tribunus.
1328 2656 1448 2708 3383.

1410 2708 1449 2764 61
