1751 3154
776 118 1156 166 1NDEx

338 233 573 289 permittitur
589 232 630 278 in
649 231 811 284 patriam
832 229 937 272 suam

343 292 497 338 reuerti,
509 290 648 329 relic‘tis
658 290 811 331 maritis.
821 300 892 340 103
898 300 936 342 7.

342 360 379 401 ς.
402 343 838 397 Matronae‚praesertim
856 358 938 398 gra·

342 403 467 448 vidae,
490 404 660 455 grauiter
678 415 700 440 a
722 400 940 453 pestilentia

341 458 582 500 infestantur.
606 463 720 510 1852.
741 468 779 510 7.
801 464 834 507 8.
856 460 941 498 Ma-

340 524 477 557 tronae
515 512 712 566 quomodo
745 523 783 553 et
811 526 941 565 quam-

344 570 411 614 diu
444 572 688 624 propinquos
706 599 716 618 ,
768 579 810 608 et
846 569 941 607 item

343 627 439 667 alios
468 625 640 681 inlignes
659 626 702 668 in
719 638 800 678 rep.
826 625 940 672 viros,

340 684 525 723 luxerint.
766 688 862 735 953.
879 693 895 723 1
907 692 938 723 1.

288 739 486 779 Medimni
508 738 638 779 Siculi.
771 749 887 791 1359.
901 749 939 789 4.

285 795 500 841 Medorum
521 795 740 847 imperium.
854 795 940 834 6.1.

286 850 492 899 Medullia,
509 850 557 889 ab
569 849 732 889 Albanis
748 848 841 887 olim
853 860 941 886 con-

345 908 427 947 dita
445 934 457 953 ,
502 905 546 949 fit
569 909 741 950 Romana
771 904 938 946 colonia.

342 976 438 1016 404.
465 975 559 1014 pen.
620 969 868 1012 recuperatur
894 958 942 998 ab

341 1024 453 1062 Anco
474 1017 638 1058 Marcio.
661 1028 752 1068 522.
776 1027 836 1068 14.
857 1015 943 1053 Me-

341 1074 480 1117 dullini
498 1073 638 1125 sponte
659 1070 698 1112 se
716 1072 880 1113 Romulo
902 1079 942 1112 et

341 1131 440 1182 reip.
454 1132 561 1170 Rom.
571 1128 828 1182 adiunguntg
839 1139 941 1179 13.9.

341 1201 367 1240 ³.
386 1186 566 1232 Romanis
592 1184 641 1228 ad
671 1184 835 1235 Sabinos
853 1181 943 1228 defi-

341 1243 461 1282 ciunt.
771 1244 942 1287 1118·1·

288 1297 454 1348 Mefula‚
475 1311 538 1350 op.
559 1297 723 1351 Aborig.
827 1300 891 1348 38.
905 1307 941 1348 5.

288 1356 415 1396 Melas
432 1354 544 1395 finus.
707 1368 711 1371 ⁴
801 1361 890 1404 155.
907 1361 940 1391 1.

285 1407 940 1463 Memphiticaepyramides.701.8.

285 1468 425 1521 Agrip.
448 1467 659 1507 Menenius
677 1467 864 1512 Lanatus,
894 1465 940 1505 C.

337 1523 451 1565 filius.
475 1535 493 1566 1
505 1534 594 1575 197.
607 1521 671 1561 vlt.
691 1518 832 1569 consul.
843 1530 936 1572 944.

341 1591 437 1633 pen.
517 1577 712 1623 Postumio
765 1576 941 1628 collegae

341 1647 460 1687 opem
480 1633 568 1677 fert.
590 1635 686 1687 946.
711 1632 776 1673 vlt.
811 1632 942 1670 trium-

339 1691 440 1745 phat
467 1689 521 1734 de
537 1689 700 1728 Sabinis,
733 1699 827 1740 952.
845 1699 939 1738 pen,

340 1756 470 1786 aetate
516 1756 554 1784 et
589 1744 798 1797 prudentia
832 1754 935 1794 prae-

341 1802 464 1849 stans,
499 1811 538 1841 et
558 1800 712 1844 medius
730 1800 832 1846 inter
851 1811 941 1849 par-

342 1869 402 1899 tes
420 1856 654 1911 diffidentes.
688 1866 804 1907 1152.
822 1866 938 1907 1—-3-

339 1915 393 1955 de
431 1912 549 1966 plebe
572 1911 798 1953 reducenda
824 1923 939 1962 quam

342 1970 490 2011 dixerit
506 1965 752 2015 sententiam.
771 1978 938 2018 11524,

341 2026 392 2066 ab
419 2029 520 2077 App.
547 2023 717 2075 Claudio
742 2020 940 2066 refutatur.

345 2088 467 2129 1180.
496 2084 534 2124 6.
598 2079 649 2119 de
684 2078 804 2132 plebe
830 2077 943 2121 redu·

340 2137 467 2181 cenda
495 2148 611 2187 quam
631 2136 773 2175 iterum
794 2132 944 2174 senten-

343 2193 438 2232 tiam
455 2191 606 2235 dixerit.
631 2202 824 2244 1193.13.
847 2195 941 2242 Agr,

339 2248 556 2290 Menenius
586 2247 632 2287 C.
662 2251 701 2288 F.
738 2246 944 2299 legationis

339 2303 389 2353 ad
416 2302 574 2356 plebem
593 2302 787 2354 princeps.
824 2311 940 2352 1197.

339 2361 410 2405 vlt.
477 2372 553 2410 qua
579 2357 755 2407 oratione
785 2355 943 2408 plebem

341 2413 547 2470 profugam
558 2412 808 2465 pet-mouerit.
825 2422 941 2463 1229.

343 2483 384 2525 3.
432 2471 480 2510 ad
505 2469 627 2521 plebis
648 2467 833 2521 postulata
851 2465 944 2516 quid

346 2524 600 2579 responderit.
624 2537 740 2577 1243.
763 2535 795 2565 1.
835 2521 945 2573 plebi

344 2581 478 2624 suadet
497 2581 718 2628 mittendos,
739 2578 806 2631 qui
824 2577 943 2618 fidem

348 2638 398 2696 ab
423 2635 557 2693 senatu
567 2637 765 2690 accipiant.
785 2645 940 2691 12452,

1043 233 1175 284 legem
1191 229 1298 282 plebi
1322 230 1373 276 de.
1388 230 1652 279 creandismae

1050 287 1265 341 gith-atibus
1310 289 1479 341 plebeiis
1516 301 1651 329 conce-

1047 345 1117 384 dit.
1144 355 1262 396 1243.
1281 357 1319 399 4.
1345 346 1518 391 moritur,
1537 342 1648 395 et‚ob

1049 410 1316 452 paupertatem
1347 414 1368 438 a
1395 398 1525 443 senatu
1547 398 1652 451 sepe·

1048 457 1138 496 litur
1172 453 1317 495 funere
1354 451 1653 509 magnificentis-

1050 511 1156 556 fimQ.
1183 513 1300 563 1263.
1319 523 1358 552 2.
1397 512 1582 555 Menenii
1609 511 1653 549 li-

1051 567 1165 607 beros
1185 567 1295 619 plebs
1315 568 1437 610 donat
1453 569 1551 619 stipe
1570 567 1654 609 viri·

1052 625 1122 664 tim
1144 623 1316 665 ennena.
1342 625 1457 675 1265.
1477 636 1513 665 2.
1553 627 1651 676 Agr.

1050 680 1231 719 Menenii
1244 678 1342 718 filius
1353 680 1559 728 Titus.181
1569 685 1644 726 8.1.

996 738 1038 780 L.
1052 737 1265 777 Menenius
1277 732 1419 774 consul.
1436 746 1650 788 2134pen.

1052 804 1233 832 moerore
1252 803 1292 832 et
1313 790 1452 831 morbo
1472 790 1653 830 contabe-

1051 845 1129 891 scit.
1453 859 1478 889 2
1487 851 1573 899 136.
1585 847 1649 887 vlt.

997 907 1044 945 T.
1065 904 1293 953 Menenius,
1318 904 1521 958 Agrippae
1540 902 1652 952 filius,

1051 958 1196 1000 consul.
1239 972 1359 1014 1791.
1386 973 1423 1014 4.
1468 966 1643 1009 1813.1.

1053 1016 1345 1068 expeditionem
1387 1017 1428 1054 in
1456 1016 1650 1058 Etruriam

1055 1083 1161 1124 parat
1179 1072 1333 1113 lentius.
1357 1082 1472 1125 1793.
1499 1085 1535 1125 3.
1571 1070 1653 1113 bel-

1053 1129 1134 1167 lum
1152 1125 1350 1168 Etruscum
1380 1140 1455 1172 nec
1484 1126 1652 1180 pruden-

1055 1193 1115 1226 ter
1125 1183 1238 1237 gerit,
1251 1196 1326 1225 nec
1334 1181 1512 1224 feliciter.
1531 1189 1649 1236 1804.

1057 1251 1093 1286 1.
1140 1239 1190 1285 ob
1211 1252 1293 1287 rem
1311 1240 1354 1278 in
1370 1241 1524 1280 Etruria
1547 1239 1650 1278 male

1052 1294 1221 1349 gestam,
1257 1296 1395 1347 populi
1419 1295 1564 1337 iudicio
1591 1293 1654 1337 da-

1052 1362 1215 1393 mnatur.
1244 1359 1360 1403 1817.
1385 1364 1445 1395 10.
1464 1351 1514 1391 ob
1534 1350 1652 1399 cladis

1050 1409 1230 1456 muIElam
1264 1405 1347 1460 ipse
1381 1406 1420 1448 se
1449 1406 1580 1448 inedia
1613 1416 1653 1451 et

1053 1476 1234 1507 moerore
1257 1461 1423 1509 conficit.
1483 1471 1600 1514 1820.
1613 1473 1652 1515 3.

998 1518 1208 1572 Menippe,
1227 1519 1351 1567 Penei
1373 1515 1461 1559 filia.
1524 1516 1599 1572 74.
1613 1531 1649 1571 5.

996 1573 1159 1615 Mensae
1193 1575 1352 1628 ligneae
1382 1573 1586 1615 archaicae'
1608 1571 1652 1614 ih

1050 1628 1163 1678 sacris
1179 1631 1345 1677 deorum
1365 1631 1535 1673 aedibus.
1555 1636 1651 1682 283.

1585 1696 1650 1726 11.

997 1739 1158 1789 Menses
1204 1755 1277 1796 pro,
1328 1743 1480 1790 ratione
1513 1740 1650 1784 lunari.

997 1860 1194 1899 Mereatus
1214 1864 1378 1907 tempus.
1452 1809 1649 1908 15:293}-

997 1913 1198 1959 Meretrix,
1217 1915 1336 1963 Lupa.
1367 1917 1650 1961 218.12—14.

996 1965 1260 2019 Mesapiorum
1279 1980 1375 2006 rura.
1532 1977 1598 2018 93.
1612 1977 1650 2007 2.

998 2024 1142 2067 Metilii
1163 2023 1264 2066 Alba
1284 2026 1444 2073 Romam
1468 2020 1650 2060 translati.

1479 2087 1649 2138 499-10-

1000 2136 1160 2185 Metius,
1179 2145 1421 2186 praenomen
1429 2132 1568 2178 Curtii,
1580 2135 1652 2172 Fu-

1053 2190 1151 2237 fetii,
1175 2201 1214 2229 et
1224 2191 1397 2236 aliorum,
1407 2199 1552 2240 quaere
1563 2199 1652 2229 cum

1056 2245 1130 2286 suis
1148 2245 1390 2286 Nominibus.

998 2302 1230 2352 Metropolis
1259 2298 1355 2341 salus
1381 2299 1489 2339 cordi
1516 2297 1571 2343 est
1589 2310 1654 2339 co·

1053 2358 1179 2396 loniis.
1204 2369 1319 2408 1434.
1345 2363 1379 2406 g.
1419 2355 1653 2407 Metropolis

1053 2414 1095 2457 in
1127 2413 1321 2455 coloniam
1348 2425 1432 2451 non
1457 2411 1655 2451 concitan-

1055 2469 1115 2508 da.
1148 2481 1241 2521 415.
1272 2481 1310 2522 9.
1363 2467 1575 2518 Metropoli
1599 2478 1651 2505 an

1056 2536 1288 2576 perpetuum
1319 2524 1361 2562 in
1389 2523 1559 2569 colonias
1585 2521 1652 2560 im-

1056 2582 1155 2632 perii
1184 2582 1242 2620 ius
1261 2580 1316 2618 fit.
1353 2591 1447 2633 435.
1469 2585 1505 2627 8.
1564 2581 1651 2618 Me-

1054 2637 1218 2689 tropolis
1246 2634 1381 2692 ¹fidem
1420 2646 1515 2688 erga
1547 2633 1651 2695 colo-

1543 2699 1652 2731 niam
